@article{varma,
      author         = "C. M. Varma and P. B. Littlewood and S. Schmitt-Rink and E. Abrahams and A. E. Ruckenstein",
      title          = "{Phenomenology of the normal state of Cu-O high-temperature superconductors}",
      journal        = "Phys. Rev. Lett.",
      volume         = "63",
      year           = "1989",
      pages          = "1996-1999",
}

@article{fisher1999,
      author         = "O. Motrunich and S-C. Mau and D. A. Huse and D. S. Fisher",
      title          = "{Infinite-randomness quantum Ising critical fixed points}",
      journal        = "Phys. Rev.",
      volume         = "B61",
      year           = "2000",
      pages          = "1160",
}


@article{Davison:2015taa,
      author         = "Davison, Richard A. and Gout\'eraux, Blaise and Hartnoll,
                        Sean A.",
      title          = "{Incoherent transport in clean quantum critical metals}",
      journal        = "JHEP",
      volume         = "10",
      year           = "2015",
      pages          = "112",
      doi            = "10.1007/JHEP10(2015)112",
      eprint         = "1507.07137",
      archivePrefix  = "arXiv",
      primaryClass   = "hep-th",
      reportNumber   = "SU-ITP-15-11",
      SLACcitation   = "%%CITATION = ARXIV:1507.07137;%%"
}

@article{andreev2011,
      author         = "A.  V.  Andreev and  S. A. Kivelson and B. Spivak ",
      title          = "{Hydrodynamic description of transport in strongly correlated electron systems}",
      journal        = "Phys. Rev. Lett",
      volume         = "106",
      year           = "2011",
      pages          = "256804",
      eprint         = "1011.3068",
      archivePrefix  = "arXiv",
      primaryClass   = "cond-mat"
}

@article{Albash:2006ew,
      author         = "Albash, Tameem and Filev, Veselin G. and Johnson,
                        Clifford V. and Kundu, Arnab",
      title          = "{A Topology-changing phase transition and the dynamics of
                        flavour}",
      journal        = "Phys. Rev.",
      volume         = "D77",
      year           = "2008",
      pages          = "066004",
      doi            = "10.1103/PhysRevD.77.066004",
      eprint         = "hep-th/0605088",
      archivePrefix  = "arXiv",
      primaryClass   = "hep-th",
      SLACcitation   = "%%CITATION = HEP-TH/0605088;%%"
}

@article{Karch:2006bv,
      author         = "Karch, Andreas and O'Bannon, Andy",
      title          = "{Chiral transition of N=4 super Yang-Mills with flavor on
                        a 3-sphere}",
      journal        = "Phys. Rev.",
      volume         = "D74",
      year           = "2006",
      pages          = "085033",
      doi            = "10.1103/PhysRevD.74.085033",
      eprint         = "hep-th/0605120",
      archivePrefix  = "arXiv",
      primaryClass   = "hep-th",
      SLACcitation   = "%%CITATION = HEP-TH/0605120;%%"
}

@article{Kobayashi:2006sb,
      author         = "Kobayashi, Shinpei and Mateos, David and Matsuura, Shunji
                        and Myers, Robert C. and Thomson, Rowan M.",
      title          = "{Holographic phase transitions at finite baryon density}",
      journal        = "JHEP",
      volume         = "02",
      year           = "2007",
      pages          = "016",
      doi            = "10.1088/1126-6708/2007/02/016",
      eprint         = "hep-th/0611099",
      archivePrefix  = "arXiv",
      primaryClass   = "hep-th",
      SLACcitation   = "%%CITATION = HEP-TH/0611099;%%"
}

@article{D'Hoker:2007fq,
      author         = "D'Hoker, Eric and Estes, John and Gutperle, Michael",
      title          = "{Gravity duals of half-BPS Wilson loops}",
      journal        = "JHEP",
      volume         = "06",
      year           = "2007",
      pages          = "063",
      doi            = "10.1088/1126-6708/2007/06/063",
      eprint         = "0705.1004",
      archivePrefix  = "arXiv",
      primaryClass   = "hep-th",
      reportsNumber   = "UCLA-07-TEP-11",
      SLACcitation   = "%%CITATION = ARXIV:0705.1004;%%"
}

@article{Lin:2004nb,
      author         = "Lin, Hai and Lunin, Oleg and Maldacena, Juan Martin",
      title          = "{Bubbling AdS space and 1/2 BPS geometries}",
      journal        = "JHEP",
      volume         = "10",
      year           = "2004",
      pages          = "025",
      doi            = "10.1088/1126-6708/2004/10/025",
      eprint         = "hep-th/0409174",
      archivePrefix  = "arXiv",
      primaryClass   = "hep-th",
      reportNumber   = "PUPT-2136",
      SLACcitation   = "%%CITATION = HEP-TH/0409174;%%"
}

@article{Harrison:2011fs,
      author         = "Harrison, Sarah and Kachru, Shamit and Torroba, Gonzalo",
      title          = "{A maximally supersymmetric Kondo model}",
      journal        = "Class. Quant. Grav.",
      volume         = "29",
      year           = "2012",
      pages          = "194005",
      doi            = "10.1088/0264-9381/29/19/194005",
      eprint         = "1110.5325",
      archivePrefix  = "arXiv",
      primaryClass   = "hep-th",
      reportNumber   = "SU-ITP-11-49, SLAC-PUB-14648",
      SLACcitation   = "%%CITATION = ARXIV:1110.5325;%%"
}

@article{Kachru:2010dk,
      author         = "Kachru, Shamit and Karch, Andreas and Yaida, Sho",
      title          = "{Adventures in Holographic Dimer Models}",
      journal        = "New J. Phys.",
      volume         = "13",
      year           = "2011",
      pages          = "035004",
      doi            = "10.1088/1367-2630/13/3/035004",
      eprint         = "1009.3268",
      archivePrefix  = "arXiv",
      primaryClass   = "hep-th",
      reportNumber   = "SLAC-PUB-14252, SU-ITP-10-26",
      SLACcitation   = "%%CITATION = ARXIV:1009.3268;%%"
}

@article{Kulaxizi:2008kv,
      author         = "Kulaxizi, Manuela and Parnachev, Andrei",
      title          = "{Comments on Fermi Liquid from Holography}",
      journal        = "Phys. Rev.",
      volume         = "D78",
      year           = "2008",
      pages          = "086004",
      doi            = "10.1103/PhysRevD.78.086004",
      eprint         = "0808.3953",
      archivePrefix  = "arXiv",
      primaryClass   = "hep-th",
      SLACcitation   = "%%CITATION = ARXIV:0808.3953;%%"
}

@article{HoyosBadajoz:2010kd,
      author         = "Hoyos-Badajoz, Carlos and O'Bannon, Andy and Wu, Jackson
                        M. S.",
      title          = "{Zero Sound in Strange Metallic Holography}",
      journal        = "JHEP",
      volume         = "09",
      year           = "2010",
      pages          = "086",
      doi            = "10.1007/JHEP09(2010)086",
      eprint         = "1007.0590",
      archivePrefix  = "arXiv",
      primaryClass   = "hep-th",
      reportNumber   = "MPP-2010-76",
      SLACcitation   = "%%CITATION = ARXIV:1007.0590;%%"
}

@article{Davison:2011ek,
      author         = "Davison, Richard A. and Starinets, Andrei O.",
      title          = "{Holographic zero sound at finite temperature}",
      journal        = "Phys. Rev.",
      volume         = "D85",
      year           = "2012",
      pages          = "026004",
      doi            = "10.1103/PhysRevD.85.026004",
      eprint         = "1109.6343",
      archivePrefix  = "arXiv",
      primaryClass   = "hep-th",
      reportNumber   = "OUTP-11-53P",
      SLACcitation   = "%%CITATION = ARXIV:1109.6343;%%"
}

@article{Sonner:2012if,
      author         = "Sonner, Julian and Green, Andrew G.",
      title          = "{Hawking Radiation and Non-equilibrium Quantum Critical
                        Current Noise}",
      journal        = "Phys. Rev. Lett.",
      volume         = "109",
      year           = "2012",
      pages          = "091601",
      doi            = "10.1103/PhysRevLett.109.091601",
      eprint         = "1203.4908",
      archivePrefix  = "arXiv",
      primaryClass   = "cond-mat.str-el",
      reportNumber   = "NSF-KITP-11-243, IMPERIAL-TP-2012-JS-01",
      SLACcitation   = "%%CITATION = ARXIV:1203.4908;%%"
}


@article{Erdmenger:2013dpa,
      author         = "Erdmenger, Johanna and Hoyos, Carlos and O'Bannon, Andy
                        and Wu, Jackson",
      title          = "{A Holographic Model of the Kondo Effect}",
      journal        = "JHEP",
      volume         = "12",
      year           = "2013",
      pages          = "086",
      doi            = "10.1007/JHEP12(2013)086",
      eprint         = "1310.3271",
      archivePrefix  = "arXiv",
      primaryClass   = "hep-th",
      reportNumber   = "DAMTP-2013-57, MPP-2013-128, OUTP-13-21P, TAUP-2977-13",
      SLACcitation   = "%%CITATION = ARXIV:1310.3271;%%"
}

@article{Ryu:2011vq,
      author         = "Ryu, Shinsei and Takayanagi, Tadashi and Ugajin,
                        Tomonori",
      title          = "{Holographic Conductivity in Disordered Systems}",
      journal        = "JHEP",
      volume         = "04",
      year           = "2011",
      pages          = "115",
      doi            = "10.1007/JHEP04(2011)115",
      eprint         = "1103.6068",
      archivePrefix  = "arXiv",
      primaryClass   = "hep-th",
      reportNumber   = "IPMU11-0053",
      SLACcitation   = "%%CITATION = ARXIV:1103.6068;%%"
}

@article{Ikeda:2016rqh,
      author         = "Ikeda, Tatsuhiko N. and Lucas, Andrew and Nakai,
                        Yuichiro",
      title          = "{Conductivity bounds in probe brane models}",
      year           = "2016",
      eprint         = "1601.07882",
      archivePrefix  = "arXiv",
      primaryClass   = "hep-th",
      SLACcitation   = "%%CITATION = ARXIV:1601.07882;%%"
}

@article{Kachru:2009xf,
      author         = "Kachru, Shamit and Karch, Andreas and Yaida, Sho",
      title          = "{Holographic Lattices, Dimers, and Glasses}",
      journal        = "Phys. Rev.",
      volume         = "D81",
      year           = "2010",
      pages          = "026007",
      doi            = "10.1103/PhysRevD.81.026007",
      eprint         = "0909.2639",
      archivePrefix  = "arXiv",
      primaryClass   = "hep-th",
      reportNumber   = "NSF-KITP-09-173, SU-ITP-09-42",
      SLACcitation   = "%%CITATION = ARXIV:0909.2639;%%"
}

@article{Karch:2008fa,
      author         = "Karch, A. and Son, D. T. and Starinets, A. O.",
      title          = "{Zero Sound from Holography}",
      year           = "2008",
      eprint         = "0806.3796",
      archivePrefix  = "arXiv",
      primaryClass   = "hep-th",
      SLACcitation   = "%%CITATION = ARXIV:0806.3796;%%"
}

@article{Karch:2007pd,
      author         = "Karch, Andreas and O'Bannon, Andy",
      title          = "{Metallic AdS/CFT}",
      journal        = "JHEP",
      volume         = "09",
      year           = "2007",
      pages          = "024",
      doi            = "10.1088/1126-6708/2007/09/024",
      eprint         = "0705.3870",
      archivePrefix  = "arXiv",
      primaryClass   = "hep-th",
      SLACcitation   = "%%CITATION = ARXIV:0705.3870;%%"
}


@article{Karch:2002sh,
      author         = "Karch, Andreas and Katz, Emanuel",
      title          = "{Adding flavor to AdS / CFT}",
      journal        = "JHEP",
      volume         = "06",
      year           = "2002",
      pages          = "043",
      doi            = "10.1088/1126-6708/2002/06/043",
      eprint         = "hep-th/0205236",
      archivePrefix  = "arXiv",
      primaryClass   = "hep-th",
      reportNumber   = "UW-PT-02-10",
      SLACcitation   = "%%CITATION = HEP-TH/0205236;%%"
}

@article{Jensen:2014aia,
      author         = "Jensen, Kristan",
      title          = "{On the coupling of Galilean-invariant field theories to
                        curved spacetime}",
      year           = "2014",
      eprint         = "1408.6855",
      archivePrefix  = "arXiv",
      primaryClass   = "hep-th",
      reportNumber   = "YITP-SB-14-26",
      SLACcitation   = "%%CITATION = ARXIV:1408.6855;%%"
}

@article{Davison:2016hno,
      author         = "Davison, Richard A. and Delacr\'etaz, Luca V. and
                        Gout\'eraux, Blaise and Hartnoll, Sean A.",
      title          = "{Hydrodynamic theory of quantum fluctuating
                        superconductivity}",
      year           = "2016",
      eprint         = "1602.08171",
      archivePrefix  = "arXiv",
      primaryClass   = "cond-mat.supr-con",
      SLACcitation   = "%%CITATION = ARXIV:1602.08171;%%"
}

@article{Hartnoll:2015rza,
      author         = "Hartnoll, Sean A. and Ramirez, David M. and Santos, Jorge
                        E.",
      title          = "{Thermal conductivity at a disordered quantum critical
                        point}",
      year           = "2015",
      eprint         = "1508.04435",
      archivePrefix  = "arXiv",
      primaryClass   = "hep-th",
      SLACcitation   = "%%CITATION = ARXIV:1508.04435;%%"
}

@article{Hartnoll:2015faa,
      author         = "Hartnoll, Sean A. and Ramirez, David M. and Santos, Jorge
                        E.",
      title          = "{Emergent scale invariance of disordered horizons}",
      journal        = "JHEP",
      volume         = "09",
      year           = "2015",
      pages          = "160",
      doi            = "10.1007/JHEP09(2015)160",
      eprint         = "1504.03324",
      archivePrefix  = "arXiv",
      primaryClass   = "hep-th",
      SLACcitation   = "%%CITATION = ARXIV:1504.03324;%%"
}

@article{Hartnoll:2014cua,
      author         = "Hartnoll, Sean A. and Santos, Jorge E.",
      title          = "{Disordered horizons: Holography of randomly disordered
                        fixed points}",
      journal        = "Phys. Rev. Lett.",
      volume         = "112",
      year           = "2014",
      pages          = "231601",
      doi            = "10.1103/PhysRevLett.112.231601",
      eprint         = "1402.0872",
      archivePrefix  = "arXiv",
      primaryClass   = "hep-th",
      SLACcitation   = "%%CITATION = ARXIV:1402.0872;%%"
}

@article{Bhattacharyya:2009uu,
      author         = "Bhattacharyya, Sayantani and Minwalla, Shiraz",
      title          = "{Weak Field Black Hole Formation in Asymptotically AdS
                        Spacetimes}",
      journal        = "JHEP",
      volume         = "09",
      year           = "2009",
      pages          = "034",
      doi            = "10.1088/1126-6708/2009/09/034",
      eprint         = "0904.0464",
      archivePrefix  = "arXiv",
      primaryClass   = "hep-th",
      reportNumber   = "TIFR-TH-09-10",
      SLACcitation   = "%%CITATION = ARXIV:0904.0464;%%"
}

@book{schalm2016,
      author         = "J. Zaanen and Y-W. Sun and Y. Liu and K. Schalm",
      title          = "{Holographic duality in condensed matter physics}",
      year           = "2016",
      publisher = "{Cambridge University Press}",
}

@article{O'Bannon:2007in,
      author         = "O'Bannon, Andy",
      title          = "{Hall Conductivity of Flavor Fields from AdS/CFT}",
      journal        = "Phys. Rev.",
      volume         = "D76",
      year           = "2007",
      pages          = "086007",
      doi            = "10.1103/PhysRevD.76.086007",
      eprint         = "0708.1994",
      archivePrefix  = "arXiv",
      primaryClass   = "hep-th",
      SLACcitation   = "%%CITATION = ARXIV:0708.1994;%%"
}

@article{Hartnoll:2009ns,
      author         = "Hartnoll, Sean A. and Polchinski, Joseph and Silverstein,
                        Eva and Tong, David",
      title          = "{Towards strange metallic holography}",
      journal        = "JHEP",
      volume         = "04",
      year           = "2010",
      pages          = "120",
      doi            = "10.1007/JHEP04(2010)120",
      eprint         = "0912.1061",
      archivePrefix  = "arXiv",
      primaryClass   = "hep-th",
      reportNumber   = "NSF-KITP-09-208, SU-ITP-09-51, SLAC-PUB-13847,
                        DAMTP-2009-80",
      SLACcitation   = "%%CITATION = ARXIV:0912.1061;%%"
}

@article{Cubrovic:2011xm,
      author         = "Cubrovic, Mihailo and Liu, Yan and Schalm, Koenraad and
                        Sun, Ya-Wen and Zaanen, Jan",
      title          = "{Spectral probes of the holographic Fermi groundstate:
                        dialing between the electron star and AdS Dirac hair}",
      journal        = "Phys. Rev.",
      volume         = "D84",
      year           = "2011",
      pages          = "086002",
      doi            = "10.1103/PhysRevD.84.086002",
      eprint         = "1106.1798",
      archivePrefix  = "arXiv",
      primaryClass   = "hep-th",
      SLACcitation   = "%%CITATION = ARXIV:1106.1798;%%"
}

@article{Hartnoll:2011pp,
      author         = "Hartnoll, Sean A. and Huijse, Liza",
      title          = "{Fractionalization of holographic Fermi surfaces}",
      journal        = "Class. Quant. Grav.",
      volume         = "29",
      year           = "2012",
      pages          = "194001",
      doi            = "10.1088/0264-9381/29/19/194001",
      eprint         = "1111.2606",
      archivePrefix  = "arXiv",
      primaryClass   = "hep-th",
      SLACcitation   = "%%CITATION = ARXIV:1111.2606;%%"
}

@article{Hartnoll:2010gu,
      author         = "Hartnoll, Sean A. and Tavanfar, Alireza",
      title          = "{Electron stars for holographic metallic criticality}",
      journal        = "Phys. Rev.",
      volume         = "D83",
      year           = "2011",
      pages          = "046003",
      doi            = "10.1103/PhysRevD.83.046003",
      eprint         = "1008.2828",
      archivePrefix  = "arXiv",
      primaryClass   = "hep-th",
      SLACcitation   = "%%CITATION = ARXIV:1008.2828;%%"
}

@article{Allais:2013lha,
      author         = "Allais, Andrea and McGreevy, John",
      title          = "{How to construct a gravitating quantum electron star}",
      journal        = "Phys. Rev.",
      volume         = "D88",
      year           = "2013",
      number         = "6",
      pages          = "066006",
      doi            = "10.1103/PhysRevD.88.066006",
      eprint         = "1306.6075",
      archivePrefix  = "arXiv",
      primaryClass   = "hep-th",
      reportNumber   = "MIT-CTP-4469, UCSD-PTH-13-08",
      SLACcitation   = "%%CITATION = ARXIV:1306.6075;%%"
}

@article{Allais:2012ye,
      author         = "Allais, Andrea and McGreevy, John and Suh, S. Josephine",
      title          = "{A quantum electron star}",
      journal        = "Phys. Rev. Lett.",
      volume         = "108",
      year           = "2012",
      pages          = "231602",
      doi            = "10.1103/PhysRevLett.108.231602",
      eprint         = "1202.5308",
      archivePrefix  = "arXiv",
      primaryClass   = "hep-th",
      reportNumber   = "MIT-CTP-4351",
      SLACcitation   = "%%CITATION = ARXIV:1202.5308;%%"
}

@article{Hartnoll:2011dm,
      author         = "Hartnoll, Sean A. and Hofman, Diego M. and Vegh, David",
      title          = "{Stellar spectroscopy: Fermions and holographic Lifshitz
                        criticality}",
      journal        = "JHEP",
      volume         = "08",
      year           = "2011",
      pages          = "096",
      doi            = "10.1007/JHEP08(2011)096",
      eprint         = "1105.3197",
      archivePrefix  = "arXiv",
      primaryClass   = "hep-th",
      SLACcitation   = "%%CITATION = ARXIV:1105.3197;%%"
}

@article{Belliard:2011qq,
      author         = "Belliard, Raphael and Gubser, Steven S. and Yarom, Amos",
      title          = "{Absence of a Fermi surface in classical minimal
                        four-dimensional gauged supergravity}",
      journal        = "JHEP",
      volume         = "10",
      year           = "2011",
      pages          = "055",
      doi            = "10.1007/JHEP10(2011)055",
      eprint         = "1106.6030",
      archivePrefix  = "arXiv",
      primaryClass   = "hep-th",
      reportNumber   = "PUPT-2385",
      SLACcitation   = "%%CITATION = ARXIV:1106.6030;%%"
}

@article{DeWolfe:2011aa,
      author         = "DeWolfe, Oliver and Gubser, Steven S. and Rosen,
                        Christopher",
      title          = "{Fermi Surfaces in Maximal Gauged Supergravity}",
      journal        = "Phys. Rev. Lett.",
      volume         = "108",
      year           = "2012",
      pages          = "251601",
      doi            = "10.1103/PhysRevLett.108.251601",
      eprint         = "1112.3036",
      archivePrefix  = "arXiv",
      primaryClass   = "hep-th",
      reportNumber   = "COLO-HEP-569, PUPT-2400",
      SLACcitation   = "%%CITATION = ARXIV:1112.3036;%%"
}

@article{DeWolfe:2012uv,
      author         = "DeWolfe, Oliver and Gubser, Steven S. and Rosen,
                        Christopher",
      title          = "{Fermi surfaces in N=4 Super-Yang-Mills theory}",
      journal        = "Phys. Rev.",
      volume         = "D86",
      year           = "2012",
      pages          = "106002",
      doi            = "10.1103/PhysRevD.86.106002",
      eprint         = "1207.3352",
      archivePrefix  = "arXiv",
      primaryClass   = "hep-th",
      reportNumber   = "COLO-HEP-575, PUPT-2422",
      SLACcitation   = "%%CITATION = ARXIV:1207.3352;%%"
}

@article{DeWolfe:2014ifa,
      author         = "DeWolfe, Oliver and Henriksson, Oscar and Rosen,
                        Christopher",
      title          = "{Fermi surface behavior in the ABJM M2-brane theory}",
      journal        = "Phys. Rev.",
      volume         = "D91",
      year           = "2015",
      number         = "12",
      pages          = "126017",
      doi            = "10.1103/PhysRevD.91.126017",
      eprint         = "1410.6986",
      archivePrefix  = "arXiv",
      primaryClass   = "hep-th",
      reportNumber   = "CCTP-2014-27, CCQCN-2014-53, COLO-HEP-585",
      SLACcitation   = "%%CITATION = ARXIV:1410.6986;%%"
}

@article{Iqbal:2011in,
      author         = "Iqbal, Nabil and Liu, Hong and Mezei, Mark",
      title          = "{Semi-local quantum liquids}",
      journal        = "JHEP",
      volume         = "04",
      year           = "2012",
      pages          = "086",
      doi            = "10.1007/JHEP04(2012)086",
      eprint         = "1105.4621",
      archivePrefix  = "arXiv",
      primaryClass   = "hep-th",
      reportNumber   = "MIT-CTP-4267",
      SLACcitation   = "%%CITATION = ARXIV:1105.4621;%%"
}

@article{Horowitz:2014gva,
      author         = "Horowitz, Gary T. and Iqbal, Nabil and Santos, Jorge E.
                        and Way, Benson",
      title          = "{Hovering Black Holes from Charged Defects}",
      journal        = "Class. Quant. Grav.",
      volume         = "32",
      year           = "2015",
      pages          = "105001",
      doi            = "10.1088/0264-9381/32/10/105001",
      eprint         = "1412.1830",
      archivePrefix  = "arXiv",
      primaryClass   = "hep-th",
      SLACcitation   = "%%CITATION = ARXIV:1412.1830;%%"
}

@article{Iqbal:2011bf,
      author         = "Iqbal, Nabil and Liu, Hong",
      title          = "{Luttinger's Theorem, Superfluid Vortices, and
                        Holography}",
      journal        = "Class. Quant. Grav.",
      volume         = "29",
      year           = "2012",
      pages          = "194004",
      doi            = "10.1088/0264-9381/29/19/194004",
      eprint         = "1112.3671",
      archivePrefix  = "arXiv",
      primaryClass   = "hep-th",
      SLACcitation   = "%%CITATION = ARXIV:1112.3671;%%"
}

@article{Liu:2009dm,
      author         = "Liu, Hong and McGreevy, John and Vegh, David",
      title          = "{Non-Fermi liquids from holography}",
      journal        = "Phys. Rev.",
      volume         = "D83",
      year           = "2011",
      pages          = "065029",
      doi            = "10.1103/PhysRevD.83.065029",
      eprint         = "0903.2477",
      archivePrefix  = "arXiv",
      primaryClass   = "hep-th",
      reportNumber   = "MIT-CTP-4023",
      SLACcitation   = "%%CITATION = ARXIV:0903.2477;%%"
}

@article{Cubrovic:2009ye,
      author         = "Cubrovic, Mihailo and Zaanen, Jan and Schalm, Koenraad",
      title          = "{String Theory, Quantum Phase Transitions and the
                        Emergent Fermi-Liquid}",
      journal        = "Science",
      volume         = "325",
      year           = "2009",
      pages          = "439-444",
      doi            = "10.1126/science.1174962",
      eprint         = "0904.1993",
      archivePrefix  = "arXiv",
      primaryClass   = "hep-th",
      SLACcitation   = "%%CITATION = ARXIV:0904.1993;%%"
}

@article{Faulkner:2010zz,
      author         = "Faulkner, Thomas and Iqbal, Nabil and Liu, Hong and
                        McGreevy, John and Vegh, David",
      title          = "{Strange metal transport realized by gauge/gravity
                        duality}",
      journal        = "Science",
      volume         = "329",
      year           = "2010",
      pages          = "1043-1047",
      doi            = "10.1126/science.1189134",
      SLACcitation   = "%%CITATION = SCIEA,329,1043;%%"
}

@article{Sachdev:2011ze,
      author         = "Sachdev, Subir",
      title          = "{A model of a Fermi liquid using gauge-gravity duality}",
      journal        = "Phys. Rev.",
      volume         = "D84",
      year           = "2011",
      pages          = "066009",
      doi            = "10.1103/PhysRevD.84.066009",
      eprint         = "1107.5321",
      archivePrefix  = "arXiv",
      primaryClass   = "hep-th",
      SLACcitation   = "%%CITATION = ARXIV:1107.5321;%%"
}

@article{Mueck:1998iz,
      author         = "Mueck, Wolfgang and Viswanathan, K. S.",
      title          = "{Conformal field theory correlators from classical field
                        theory on anti-de Sitter space. 2. Vector and spinor
                        fields}",
      journal        = "Phys. Rev.",
      volume         = "D58",
      year           = "1998",
      pages          = "106006",
      doi            = "10.1103/PhysRevD.58.106006",
      eprint         = "hep-th/9805145",
      archivePrefix  = "arXiv",
      primaryClass   = "hep-th",
      SLACcitation   = "%%CITATION = HEP-TH/9805145;%%"
}

@article{Korovin:2013bua,
      author         = "Korovin, Yegor and Skenderis, Kostas and Taylor, Marika",
      title          = "{Lifshitz as a deformation of Anti-de Sitter}",
      journal        = "JHEP",
      volume         = "08",
      year           = "2013",
      pages          = "026",
      doi            = "10.1007/JHEP08(2013)026",
      eprint         = "1304.7776",
      archivePrefix  = "arXiv",
      primaryClass   = "hep-th",
      SLACcitation   = "%%CITATION = ARXIV:1304.7776;%%"
}

@article{Erdmenger:2008rm,
      author         = "Erdmenger, Johanna and Haack, Michael and Kaminski,
                        Matthias and Yarom, Amos",
      title          = "{Fluid dynamics of R-charged black holes}",
      journal        = "JHEP",
      volume         = "01",
      year           = "2009",
      pages          = "055",
      doi            = "10.1088/1126-6708/2009/01/055",
      eprint         = "0809.2488",
      archivePrefix  = "arXiv",
      primaryClass   = "hep-th",
      reportNumber   = "LMU-ASC-48-08, MPP-2008-116",
      SLACcitation   = "%%CITATION = ARXIV:0809.2488;%%"
}

@article{Banerjee:2008th,
      author         = "Banerjee, Nabamita and Bhattacharya, Jyotirmoy and
                        Bhattacharyya, Sayantani and Dutta, Suvankar and
                        Loganayagam, R. and Surowka, P.",
      title          = "{Hydrodynamics from charged black branes}",
      journal        = "JHEP",
      volume         = "01",
      year           = "2011",
      pages          = "094",
      doi            = "10.1007/JHEP01(2011)094",
      eprint         = "0809.2596",
      archivePrefix  = "arXiv",
      primaryClass   = "hep-th",
      SLACcitation   = "%%CITATION = ARXIV:0809.2596;%%"
}

@article{Bhattacharyya:2008jc,
      author         = "Bhattacharyya, Sayantani and Hubeny, Veronika E and
                        Minwalla, Shiraz and Rangamani, Mukund",
      title          = "{Nonlinear Fluid Dynamics from Gravity}",
      journal        = "JHEP",
      volume         = "02",
      year           = "2008",
      pages          = "045",
      doi            = "10.1088/1126-6708/2008/02/045",
      eprint         = "0712.2456",
      archivePrefix  = "arXiv",
      primaryClass   = "hep-th",
      reportNumber   = "TIFR-TH-07-44, DCPT-07-73, NI07097",
      SLACcitation   = "%%CITATION = ARXIV:0712.2456;%%"
}

@inproceedings{Hubeny:2011hd,
      author         = "Hubeny, Veronika E. and Minwalla, Shiraz and Rangamani,
                        Mukund",
      title          = "{The fluid/gravity correspondence}",
      booktitle      = "{Black holes in higher dimensions}",
      url            = "http://inspirehep.net/record/920982/files/arXiv:1107.5780.pdf",
      year           = "2012",
      pages          = "348-383",
      eprint         = "1107.5780",
      archivePrefix  = "arXiv",
      primaryClass   = "hep-th",
      SLACcitation   = "%%CITATION = ARXIV:1107.5780;%%"
}

@article{Anantua:2012nj,
      author         = "Anantua, Richard J. and Hartnoll, Sean A. and Martin,
                        Victoria L. and Ramirez, David M.",
      title          = "{The Pauli exclusion principle at strong coupling:
                        Holographic matter and momentum space}",
      journal        = "JHEP",
      volume         = "03",
      year           = "2013",
      pages          = "104",
      doi            = "10.1007/JHEP03(2013)104",
      eprint         = "1210.1590",
      archivePrefix  = "arXiv",
      primaryClass   = "hep-th",
      SLACcitation   = "%%CITATION = ARXIV:1210.1590;%%"
}

@article{Hartnoll:2012wm,
      author         = "Hartnoll, Sean A. and Shaghoulian, Edgar",
      title          = "{Spectral weight in holographic scaling geometries}",
      journal        = "JHEP",
      volume         = "07",
      year           = "2012",
      pages          = "078",
      doi            = "10.1007/JHEP07(2012)078",
      eprint         = "1203.4236",
      archivePrefix  = "arXiv",
      primaryClass   = "hep-th",
      SLACcitation   = "%%CITATION = ARXIV:1203.4236;%%"
}

@article{Hoyos:2013qna,
      author         = "Hoyos, Carlos and Kim, Bom Soo and Oz, Yaron",
      title          = "{Lifshitz Field Theories at Non-Zero Temperature,
                        Hydrodynamics and Gravity}",
      journal        = "JHEP",
      volume         = "03",
      year           = "2014",
      pages          = "029",
      doi            = "10.1007/JHEP03(2014)029",
      eprint         = "1309.6794",
      archivePrefix  = "arXiv",
      primaryClass   = "hep-th",
      reportNumber   = "TAUP-2976-13",
      SLACcitation   = "%%CITATION = ARXIV:1309.6794;%%"
}

@article{Karch:2014mba,
      author         = "Karch, Andreas",
      title          = "{Conductivities for Hyperscaling Violating Geometries}",
      journal        = "JHEP",
      volume         = "06",
      year           = "2014",
      pages          = "140",
      doi            = "10.1007/JHEP06(2014)140",
      eprint         = "1405.2926",
      archivePrefix  = "arXiv",
      primaryClass   = "hep-th",
      SLACcitation   = "%%CITATION = ARXIV:1405.2926;%%"
}

@article{Gouteraux:2012yr,
      author         = "Gouteraux, B. and Kiritsis, E.",
      title          = "{Quantum critical lines in holographic phases with
                        (un)broken symmetry}",
      journal        = "JHEP",
      volume         = "04",
      year           = "2013",
      pages          = "053",
      doi            = "10.1007/JHEP04(2013)053",
      eprint         = "1212.2625",
      archivePrefix  = "arXiv",
      primaryClass   = "hep-th",
      reportNumber   = "CCTP-2012-24, NORDITA-2012-101",
      SLACcitation   = "%%CITATION = ARXIV:1212.2625;%%"
}

@article{Policastro:2002tn,
      author         = "Policastro, Giuseppe and Son, Dam T. and Starinets,
                        Andrei O.",
      title          = "{From AdS / CFT correspondence to hydrodynamics. 2. Sound
                        waves}",
      journal        = "JHEP",
      volume         = "12",
      year           = "2002",
      pages          = "054",
      doi            = "10.1088/1126-6708/2002/12/054",
      eprint         = "hep-th/0210220",
      archivePrefix  = "arXiv",
      primaryClass   = "hep-th",
      reportNumber   = "DAMTP-2002-129, INT-PUB-02-47",
      SLACcitation   = "%%CITATION = HEP-TH/0210220;%%"
}

@article{Herzog:2003ke,
      author         = "Herzog, Christopher P.",
      title          = "{The Sound of M theory}",
      journal        = "Phys. Rev.",
      volume         = "D68",
      year           = "2003",
      pages          = "024013",
      doi            = "10.1103/PhysRevD.68.024013",
      eprint         = "hep-th/0302086",
      archivePrefix  = "arXiv",
      primaryClass   = "hep-th",
      reportNumber   = "NSF-ITP-03-13",
      SLACcitation   = "%%CITATION = HEP-TH/0302086;%%"
}

@article{Davison:2013bxa,
      author         = "Davison, Richard A. and Parnachev, Andrei",
      title          = "{Hydrodynamics of cold holographic matter}",
      journal        = "JHEP",
      volume         = "06",
      year           = "2013",
      pages          = "100",
      doi            = "10.1007/JHEP06(2013)100",
      eprint         = "1303.6334",
      archivePrefix  = "arXiv",
      primaryClass   = "hep-th",
      SLACcitation   = "%%CITATION = ARXIV:1303.6334;%%"
}

@article{Wolf:2006zzb,
      author         = "Wolf, Michael M.",
      title          = "{Violation of the entropic area law for Fermions}",
      journal        = "Phys. Rev. Lett.",
      volume         = "96",
      year           = "2006",
      pages          = "010404",
      doi            = "10.1103/PhysRevLett.96.010404",
      eprint         = "quant-ph/0503219",
      archivePrefix  = "arXiv",
      primaryClass   = "quant-ph",
      SLACcitation   = "%%CITATION = QUANT-PH/0503219;%%"
}

@article{klich2006,
      author         = "D. Gioev and I. Klich",
      title          = "{Entanglement entropy of fermions in any dimension and the Widom conjecture}",
      journal        = "Phys. Rev. Lett.",
      volume         = "96",
      year           = "2006",
      pages          = "100503",
      eprint         = "quant-ph/0504151",
      archivePrefix  = "arXiv",
      primaryClass   = "quant-ph",
      SLACcitation   = "%%CITATION = QUANT-PH/0503219;%%"
}

@article{Swingle:2009bf,
      author         = "Swingle, Brian",
      title          = "{Entanglement Entropy and the Fermi Surface}",
      journal        = "Phys. Rev. Lett.",
      volume         = "105",
      year           = "2010",
      pages          = "050502",
      doi            = "10.1103/PhysRevLett.105.050502",
      eprint         = "0908.1724",
      archivePrefix  = "arXiv",
      primaryClass   = "cond-mat.str-el",
      SLACcitation   = "%%CITATION = ARXIV:0908.1724;%%"
}

@article{Calabrese:2004eu,
      author         = "Calabrese, Pasquale and Cardy, John L.",
      title          = "{Entanglement entropy and quantum field theory}",
      journal        = "J. Stat. Mech.",
      volume         = "0406",
      year           = "2004",
      pages          = "P06002",
      doi            = "10.1088/1742-5468/2004/06/P06002",
      eprint         = "hep-th/0405152",
      archivePrefix  = "arXiv",
      primaryClass   = "hep-th",
      SLACcitation   = "%%CITATION = HEP-TH/0405152;%%"
}

@article{Brown:1986nw,
      author         = "Brown, J. David and Henneaux, M.",
      title          = "{Central Charges in the Canonical Realization of
                        Asymptotic Symmetries: An Example from Three-Dimensional
                        Gravity}",
      journal        = "Commun. Math. Phys.",
      volume         = "104",
      year           = "1986",
      pages          = "207-226",
      doi            = "10.1007/BF01211590",
      SLACcitation   = "%%CITATION = CMPHA,104,207;%%"
}

@article{Srednicki:1993im,
      author         = "Srednicki, Mark",
      title          = "{Entropy and area}",
      journal        = "Phys. Rev. Lett.",
      volume         = "71",
      year           = "1993",
      pages          = "666-669",
      doi            = "10.1103/PhysRevLett.71.666",
      eprint         = "hep-th/9303048",
      archivePrefix  = "arXiv",
      primaryClass   = "hep-th",
      reportNumber   = "LBL-33754, CFPA-93-02",
      SLACcitation   = "%%CITATION = HEP-TH/9303048;%%"
}

@article{Ryu:2006ef,
      author         = "Ryu, Shinsei and Takayanagi, Tadashi",
      title          = "{Aspects of Holographic Entanglement Entropy}",
      journal        = "JHEP",
      volume         = "08",
      year           = "2006",
      pages          = "045",
      doi            = "10.1088/1126-6708/2006/08/045",
      eprint         = "hep-th/0605073",
      archivePrefix  = "arXiv",
      primaryClass   = "hep-th",
      reportNumber   = "NSF-KITP-06-31, KUNS-2021",
      SLACcitation   = "%%CITATION = HEP-TH/0605073;%%"
}


@article{Faulkner:2009wj,
      author         = "Faulkner, Thomas and Liu, Hong and McGreevy, John and
                        Vegh, David",
      title          = "{Emergent quantum criticality, Fermi surfaces, and
                        AdS(2)}",
      journal        = "Phys. Rev.",
      volume         = "D83",
      year           = "2011",
      pages          = "125002",
      doi            = "10.1103/PhysRevD.83.125002",
      eprint         = "0907.2694",
      archivePrefix  = "arXiv",
      primaryClass   = "hep-th",
      reportNumber   = "MIT-CTP-4050",
      SLACcitation   = "%%CITATION = ARXIV:0907.2694;%%"
}

@article{Lucas:2014sba,
      author         = "Lucas, Andrew and Sachdev, Subir",
      title          = "{Conductivity of weakly disordered strange metals: from
                        conformal to hyperscaling-violating regimes}",
      journal        = "Nucl. Phys.",
      volume         = "B892",
      year           = "2015",
      pages          = "239-268",
      doi            = "10.1016/j.nuclphysb.2015.01.017",
      eprint         = "1411.3331",
      archivePrefix  = "arXiv",
      primaryClass   = "hep-th",
      SLACcitation   = "%%CITATION = ARXIV:1411.3331;%%"
}

@article{Horowitz:2011gh,
      author         = "Horowitz, Gary T. and Way, Benson",
      title          = "{Lifshitz Singularities}",
      journal        = "Phys. Rev.",
      volume         = "D85",
      year           = "2012",
      pages          = "046008",
      doi            = "10.1103/PhysRevD.85.046008",
      eprint         = "1111.1243",
      archivePrefix  = "arXiv",
      primaryClass   = "hep-th",
      SLACcitation   = "%%CITATION = ARXIV:1111.1243;%%"
}

@article{rosch2007,
      author         = "P. Jung and A. Rosch",
      title          = "{Lower bounds for the conductivites of correlated quantum systems}",
      journal        = "Phys. Rev.",
      volume         = "B75",
      year           = "2007",
      pages          = "245104",
      eprint         = "0704.0886",
      archivePrefix  = "arXiv",
      primaryClass   = "cond-mat",
      SLACcitation   = "%%CITATION = ARXIV:1111.1243;%%"
}

@article{Gouteraux:2011ce,
      author         = "Gouteraux, B. and Kiritsis, E.",
      title          = "{Generalized Holographic Quantum Criticality at Finite
                        Density}",
      journal        = "JHEP",
      volume         = "12",
      year           = "2011",
      pages          = "036",
      doi            = "10.1007/JHEP12(2011)036",
      eprint         = "1107.2116",
      archivePrefix  = "arXiv",
      primaryClass   = "hep-th",
      SLACcitation   = "%%CITATION = ARXIV:1107.2116;%%"
}

@article{Karch:2015pha,
      author         = "Karch, Andreas",
      title          = "{Multiband models for field theories with anomalous
                        current dimension}",
      journal        = "JHEP",
      volume         = "07",
      year           = "2015",
      pages          = "021",
      doi            = "10.1007/JHEP07(2015)021",
      eprint         = "1504.02478",
      archivePrefix  = "arXiv",
      primaryClass   = "hep-th",
      SLACcitation   = "%%CITATION = ARXIV:1504.02478;%%"
}

@article{xgwen1992,
      author         = "X-G. Wen",
      title          = "{Scaling theory of conserved current and universal amplitudes at anisotropic critical points}",
      journal        = "Phys. Rev.",
      volume         = "B46",
      year           = "1992",
      pages          = "2655"
}

@article{subir1994,
      author         = "S. Sachdev",
      title          = "{Quantum phase transitions and conserved charges}",
      journal        = "Zeit. Phys.",
      volume         = "B94",
      year           = "1994",
      pages          = "469"
}

@article{Hartnoll:2015sea,
      author         = "Hartnoll, Sean A. and Karch, Andreas",
      title          = "{Scaling theory of the cuprate strange metals}",
      journal        = "Phys. Rev.",
      volume         = "B91",
      year           = "2015",
      number         = "15",
      pages          = "155126",
      doi            = "10.1103/PhysRevB.91.155126",
      eprint         = "1501.03165",
      archivePrefix  = "arXiv",
      primaryClass   = "cond-mat.str-el",
      SLACcitation   = "%%CITATION = ARXIV:1501.03165;%%"
}

@article{Spillane:2015daa,
      author         = "Spillane, Michael and Herzog, Christopher P.",
      title          = "{Relativistic Hydrodynamics and Non-Equilibrium Steady
                        States}",
      year           = "2015",
      eprint         = "1512.09071",
      archivePrefix  = "arXiv",
      primaryClass   = "hep-th",
      SLACcitation   = "%%CITATION = ARXIV:1512.09071;%%"
}

@article{Lucas:2015hnv,
      author         = "Lucas, Andrew and Schalm, Koenraad and Doyon, Benjamin
                        and Bhaseen, M. J.",
      title          = "{Shock waves, rarefaction waves and non-equilibrium
                        steady states in quantum critical systems}",
      year           = "2015",
      eprint         = "1512.09037",
      archivePrefix  = "arXiv",
      primaryClass   = "hep-th",
      SLACcitation   = "%%CITATION = ARXIV:1512.09037;%%"
}

@article{Erdmenger:2015qqa,
      author         = "Erdmenger, Johanna and Herwerth, Benedikt and Klug,
                        Steffen and Meyer, Rene and Schalm, Koenraad",
      title          = "{S-Wave Superconductivity in Anisotropic Holographic
                        Insulators}",
      journal        = "JHEP",
      volume         = "05",
      year           = "2015",
      pages          = "094",
      doi            = "10.1007/JHEP05(2015)094",
      eprint         = "1501.07615",
      archivePrefix  = "arXiv",
      primaryClass   = "hep-th",
      reportNumber   = "IPMU14-0284, MPP-2014-581",
      SLACcitation   = "%%CITATION = ARXIV:1501.07615;%%"
}

@article{Blake:2015ina,
      author         = "Blake, Mike and Donos, Aristomenis and Lohitsiri,
                        Nakarin",
      title          = "{Magnetothermoelectric Response from Holography}",
      journal        = "JHEP",
      volume         = "08",
      year           = "2015",
      pages          = "124",
      doi            = "10.1007/JHEP08(2015)124",
      eprint         = "1502.03789",
      archivePrefix  = "arXiv",
      primaryClass   = "hep-th",
      reportNumber   = "DAMTP-2015-12, DCPT-15-07",
      SLACcitation   = "%%CITATION = ARXIV:1502.03789;%%"
}

@article{Lucas:2015pxa,
      author         = "Lucas, Andrew and Sachdev, Subir",
      title          = "{Memory matrix theory of magnetotransport in strange
                        metals}",
      journal        = "Phys. Rev.",
      volume         = "B91",
      year           = "2015",
      pages          = "195122",
      doi            = "10.1103/PhysRevB.91.195122",
      eprint         = "1502.04704",
      archivePrefix  = "arXiv",
      primaryClass   = "cond-mat.str-el",
      SLACcitation   = "%%CITATION = ARXIV:1502.04704;%%"
}

@article{Chien1991,
      author = "T. R. Chien and Z. Z. Wang and N. P. Ong",
      title          = "{Effect of Zn impurities on the normal-state Hall angle in single-crystal $YBa_2Cu_{3-x}Zn_xO_{7-\delta}$}",
      journal        = "Phys. Rev. Lett.",
      volume         = "67",
      year           = "1991",
      pages          = "2088"
}

@article{Bruin2013,
      author = "J. A. N. Bruin and H. Sakai and R. S. Perry and A. P. Mackenzie",
      title          = "{Similarity of scattering rates in metals showing $T$-linear resistivity}",
      journal        = "Science",
      volume         = "339",
      year           = "2013",
      pages          = "804"
}

@article{Kohn1961,
      author         = "W. Kohn",
      title          = "{Cyclotron Resonance and de Haas-van Alphen Oscillations of an Interacting Electron Gas}",
      journal        = "Phys. Rev.",
      volume         = "123",
      year           = "1961",
      pages          = "1242"
}

@article{Landauer1952,
      author         = "R. Landauer",
      title          = "{The electrical resistance of binary metallic mixtures}",
      journal        = "J. Appl. Phys.",
      volume         = "23",
      year           = "1952",
      pages          = "779"
}


@article{Kirkpatrick1971,
      author         = "S. Kirkpatrick",
      title          = "{Classical transport in disordered media: scaling and effective-medium theory}",
      journal        = "Phys. Rev. Lett.",
      volume         = "27",
      year           = "1971",
      pages          = "1722"
}

@article{gunnarsson,
      author         = "O. Gunnarsson and M. Calandra and J. E. Han",
      title          = "{Saturation of electrical resistivity}",
      journal        = "Rev. Mod. Phys.",
      volume         = "75",
      year           = "2003",
      pages          = "1085"
}

@article{vishwanath2003,
      author         = "O. I. Motrunich and A. Vishwanath",
      title          = "{Emergent photons and new transitions in the O(3) sigma
model with hedgehog suppression}",
      journal        = "Phys. Rev.",
      volume         = "B70",
      year           = "2003",
      pages          = "075104",
            eprint         = "cond-mat/0311222",
      archivePrefix  = "arXiv",
      primaryClass   = "cond-mat",
}

@article{Myers:2010pk,
      author         = "Myers, Robert C. and Sachdev, Subir and Singh, Ajay",
      title          = "{Holographic Quantum Critical Transport without
                        Self-Duality}",
      journal        = "Phys. Rev.",
      volume         = "D83",
      year           = "2011",
      pages          = "066017",
      doi            = "10.1103/PhysRevD.83.066017",
      eprint         = "1010.0443",
      archivePrefix  = "arXiv",
      primaryClass   = "hep-th",
      SLACcitation   = "%%CITATION = ARXIV:1010.0443;%%"
}

@article{Witczak-Krempa:2013aea,
      author         = "Witczak-Krempa, William",
      title          = "{Quantum critical charge response from higher derivatives
                        in holography}",
      journal        = "Phys. Rev.",
      volume         = "B89",
      year           = "2014",
      pages          = "161114",
      doi            = "10.1103/PhysRevB.89.161114",
      eprint         = "1312.3334",
      archivePrefix  = "arXiv",
      primaryClass   = "cond-mat.str-el",
      SLACcitation   = "%%CITATION = ARXIV:1312.3334;%%"
}

@article{Chowdhury:2012km,
      author         = "Chowdhury, Debanjan and Raju, Suvrat and Sachdev, Subir
                        and Singh, Ajay and Strack, Philipp",
      title          = "{Multipoint correlators of conformal field theories:
                        implications for quantum critical transport}",
      journal        = "Phys. Rev.",
      volume         = "B87",
      year           = "2013",
      pages          = "085138",
      doi            = "10.1103/PhysRevB.87.085138",
      eprint         = "1210.5247",
      archivePrefix  = "arXiv",
      primaryClass   = "cond-mat.str-el",
      reportNumber   = "ICTS-2012-07, HRI-ST-1206",
      SLACcitation   = "%%CITATION = ARXIV:1210.5247;%%"
}

@article{Kapustin:1999ha,
      author         = "Kapustin, Anton and Strassler, Matthew J.",
      title          = "{On mirror symmetry in three-dimensional Abelian gauge
                        theories}",
      journal        = "JHEP",
      volume         = "04",
      year           = "1999",
      pages          = "021",
      doi            = "10.1088/1126-6708/1999/04/021",
      eprint         = "hep-th/9902033",
      archivePrefix  = "arXiv",
      primaryClass   = "hep-th",
      reportNumber   = "IASSNS-HEP-99-15",
      SLACcitation   = "%%CITATION = HEP-TH/9902033;%%"
}

@article{Intriligator:1996ex,
      author         = "Intriligator, Kenneth A. and Seiberg, N.",
      title          = "{Mirror symmetry in three-dimensional gauge theories}",
      journal        = "Phys. Lett.",
      volume         = "B387",
      year           = "1996",
      pages          = "513-519",
      doi            = "10.1016/0370-2693(96)01088-X",
      eprint         = "hep-th/9607207",
      archivePrefix  = "arXiv",
      primaryClass   = "hep-th",
      reportNumber   = "RU-96-63, IASSNS-HEP-96-80",
      SLACcitation   = "%%CITATION = HEP-TH/9607207;%%"
}

@article{Aharony:1997bx,
      author         = "Aharony, Ofer and Hanany, Amihay and Intriligator,
                        Kenneth A. and Seiberg, N. and Strassler, M. J.",
      title          = "{Aspects of N=2 supersymmetric gauge theories in
                        three-dimensions}",
      journal        = "Nucl. Phys.",
      volume         = "B499",
      year           = "1997",
      pages          = "67-99",
      doi            = "10.1016/S0550-3213(97)00323-4",
      eprint         = "hep-th/9703110",
      archivePrefix  = "arXiv",
      primaryClass   = "hep-th",
      reportNumber   = "RU-97-10A, IASSNS-HEP-97-18",
      SLACcitation   = "%%CITATION = HEP-TH/9703110;%%"
}

@article{Amoretti:2015gna,
      author         = "Amoretti, Andrea and Musso, Daniele",
      title          = "{Magneto-transport from momentum dissipating holography}",
      journal        = "JHEP",
      volume         = "09",
      year           = "2015",
      pages          = "094",
      doi            = "10.1007/JHEP09(2015)094",
      eprint         = "1502.02631",
      archivePrefix  = "arXiv",
      primaryClass   = "hep-th",
      SLACcitation   = "%%CITATION = ARXIV:1502.02631;%%"
}



@article{Kim:2015wba,
      author         = "Kim, Keun-Young and Kim, Kyung Kiu and Seo, Yunseok and
                        Sin, Sang-Jin",
      title          = "{Thermoelectric Conductivities at Finite Magnetic Field
                        and the Nernst Effect}",
      journal        = "JHEP",
      volume         = "07",
      year           = "2015",
      pages          = "027",
      doi            = "10.1007/JHEP07(2015)027",
      eprint         = "1502.05386",
      archivePrefix  = "arXiv",
      primaryClass   = "hep-th",
      SLACcitation   = "%%CITATION = ARXIV:1502.05386;%%"
}

@article{Blake:2014yla,
      author         = "Blake, Mike and Donos, Aristomenis",
      title          = "{Quantum Critical Transport and the Hall Angle}",
      journal        = "Phys. Rev. Lett.",
      volume         = "114",
      year           = "2015",
      pages          = "021601",
      doi            = "10.1103/PhysRevLett.114.021601",
      eprint         = "1406.1659",
      archivePrefix  = "arXiv",
      primaryClass   = "hep-th",
      reportNumber   = "DAMTP-2014-33",
      SLACcitation   = "%%CITATION = ARXIV:1406.1659;%%"
}