@article{Bardeen:1973gs,
      author         = "Bardeen, James M. and Carter, B. and Hawking, S.W.",
      title          = "{The Four laws of black hole mechanics}",
      journal        = "Commun.Math.Phys.",
      volume         = "31",
      pages          = "161-170",
      doi            = "10.1007/BF01645742",
      year           = "1973",
      SLACcitation   = "%%CITATION = CMPHA,31,161;%%",
}
@article{Hawking:1974sw,
      author         = "Hawking, S.W.",
      title          = "{Particle Creation by Black Holes}",
      journal        = "Commun.Math.Phys.",
      volume         = "43",
      pages          = "199-220",
      doi            = "10.1007/BF02345020",
      year           = "1975",
      SLACcitation   = "%%CITATION = CMPHA,43,199;%%",
}
@article{Price:1986yy,
      author         = "Price, R.H. and Thorne, K.S.",
      title          = "{Membrane Viewpoint on Black Holes: Properties and
                        Evolution of the Stretched Horizon}",
      journal        = "Phys.Rev.",
      volume         = "D33",
      pages          = "915-941",
      doi            = "10.1103/PhysRevD.33.915",
      year           = "1986",
      SLACcitation   = "%%CITATION = PHRVA,D33,915;%%",
}
@article{Thorne:1986iy,
      author         = "Thorne, Kip S. and Price, R.H. and Macdonald, D.A.",
      editor         = "Thorne, Kip S.",
      title          = "{Black Holes: The Membrane Paradigm}",
      year           = "1986",
      reportNumber   = "ISBN-9780300037708",
      publisher = "Yale University Press",
      SLACcitation   = "%%CITATION = ISBN-9780300037708 ETC.;%%",
}
@article{Parikh:1997ma,
      author         = "Parikh, Maulik and Wilczek, Frank",
      title          = "{An Action for black hole membranes}",
      journal        = "Phys.Rev.",
      volume         = "D58",
      pages          = "064011",
      doi            = "10.1103/PhysRevD.58.064011",
      year           = "1998",
      eprint         = "gr-qc/9712077",
      archivePrefix  = "arXiv",
      primaryClass   = "gr-qc",
      reportNumber   = "PUPT-1753, IASSNS-HEP-97-117",
      SLACcitation   = "%%CITATION = GR-QC/9712077;%%",
}
@article{Kovtun:2003wp,
      author         = "Kovtun, Pavel and Son, Dam T. and Starinets, Andrei O.",
      title          = "{Holography and hydrodynamics: Diffusion on stretched
                        horizons}",
      journal        = "JHEP",
      volume         = "0310",
      pages          = "064",
      doi            = "10.1088/1126-6708/2003/10/064",
      year           = "2003",
      eprint         = "hep-th/0309213",
      archivePrefix  = "arXiv",
      primaryClass   = "hep-th",
      reportNumber   = "UW-PT-03-21, INT-PUB-03-17",
      SLACcitation   = "%%CITATION = HEP-TH/0309213;%%",
}
@article{Iqbal:2008by,
      author         = "Iqbal, Nabil and Liu, Hong",
      title          = "{Universality of the hydrodynamic limit in AdS/CFT and
                        the membrane paradigm}",
      journal        = "Phys.Rev.",
      volume         = "D79",
      pages          = "025023",
      doi            = "10.1103/PhysRevD.79.025023",
      year           = "2009",
      eprint         = "0809.3808",
      archivePrefix  = "arXiv",
      primaryClass   = "hep-th",
      reportNumber   = "MIT-CTP-3983",
      SLACcitation   = "%%CITATION = ARXIV:0809.3808;%%",
}
@incollection{Witten:1979pi,
      author         = "Witten, Edward",
      title          = "{The 1/N Expansion In Atomic And Particle Physics}",
      pages          = "403--419",
      year           = "1980",
      booktitle  =  "{Recent Developments in Gauge Theories}",
      reportNumber   = "HUTP-79/A078",
      SLACcitation   = "%%CITATION = HUTP-79/A078 ETC.;%%",
}
@incollection{Coleman:1980nk,
      author    = "Coleman, Sidney R.",
      title          = "{1/N}",
      booktitle  =  "{Aspects of symmetry}",
      year           = "1985",
      note = "Available online through KEK preprint server",
      reportNumber   = "SLAC-PUB-2484",
      SLACcitation   = "%%CITATION = SLAC-PUB-2484 ETC.;%%",
}
@article{Giombi:2012ms,
      author         = "Giombi, Simone and Yin, Xi",
      title          = "{The Higher Spin/Vector Model Duality}",
      journal        = "J.Phys.",
      volume         = "A46",
      pages          = "214003",
      doi            = "10.1088/1751-8113/46/21/214003",
      year           = "2013",
      eprint         = "1208.4036",
      archivePrefix  = "arXiv",
      primaryClass   = "hep-th",
      SLACcitation   = "%%CITATION = ARXIV:1208.4036;%%",
}
@article{'tHooft:1973jz,
      author         = "'t Hooft, Gerard",
      title          = "{A Planar Diagram Theory for Strong Interactions}",
      journal        = "Nucl.Phys.",
      volume         = "B72",
      pages          = "461",
      doi            = "10.1016/0550-3213(74)90154-0",
      year           = "1974",
      reportNumber   = "CERN-TH-1786",
      SLACcitation   = "%%CITATION = NUPHA,B72,461;%%",
}
@article{Maldacena:1997re,
      author         = "Maldacena, Juan Martin",
      title          = "{The Large N limit of superconformal field theories and
                        supergravity}",
      journal        = "Int.J.Theor.Phys.",
      volume         = "38",
      pages          = "1113-1133",
      doi            = "10.1023/A:1026654312961",
      year           = "1999",
      eprint         = "hep-th/9711200",
      archivePrefix  = "arXiv",
      primaryClass   = "hep-th",
      reportNumber   = "HUTP-97-A097, HUTP-98-A097",
      SLACcitation   = "%%CITATION = HEP-TH/9711200;%%",
}
@article{Maldacena:2011ut,
      author         = "Maldacena, Juan",
      title          = "{The Gauge/gravity duality}",
      year           = "2011",
      eprint         = "1106.6073",
      archivePrefix  = "arXiv",
      primaryClass   = "hep-th",
      SLACcitation   = "%%CITATION = ARXIV:1106.6073;%%",
}
@article{Aharony:2008ug,
      author         = "Aharony, Ofer and Bergman, Oren and Jafferis, Daniel
                        Louis and Maldacena, Juan",
      title          = "{N=6 superconformal Chern-Simons-matter theories,
                        M2-branes and their gravity duals}",
      journal        = "JHEP",
      volume         = "0810",
      pages          = "091",
      doi            = "10.1088/1126-6708/2008/10/091",
      year           = "2008",
      eprint         = "0806.1218",
      archivePrefix  = "arXiv",
      primaryClass   = "hep-th",
      reportNumber   = "WIS-12-08-JUN-DPP",
      SLACcitation   = "%%CITATION = ARXIV:0806.1218;%%",
}
@article{Aharony:1999ti,
      author         = "Aharony, Ofer and Gubser, Steven S. and Maldacena, Juan
                        Martin and Ooguri, Hirosi and Oz, Yaron",
      title          = "{Large N field theories, string theory and gravity}",
      journal        = "Phys.Rept.",
      volume         = "323",
      pages          = "183-386",
      doi            = "10.1016/S0370-1573(99)00083-6",
      year           = "2000",
      eprint         = "hep-th/9905111",
      archivePrefix  = "arXiv",
      primaryClass   = "hep-th",
      reportNumber   = "CERN-TH-99-122, HUTP-99-A027, LBNL-43113, RU-99-18,
                        UCB-PTH-99-16, LBL-43113",
      SLACcitation   = "%%CITATION = HEP-TH/9905111;%%",
}
@article{Marolf:2012dr,
      author         = "Marolf, Donald and Rangamani, Mukund",
      title          = "{Causality and the AdS Dirichlet problem}",
      journal        = "JHEP",
      volume         = "1204",
      pages          = "035",
      doi            = "10.1007/JHEP04(2012)035",
      year           = "2012",
      eprint         = "1201.1233",
      archivePrefix  = "arXiv",
      primaryClass   = "hep-th",
      reportNumber   = "DCPT-12-01",
      SLACcitation   = "%%CITATION = ARXIV:1201.1233;%%",
}
@article{Witten:1998qj,
      author         = "Witten, Edward",
      title          = "{Anti-de Sitter space and holography}",
      journal        = "Adv.Theor.Math.Phys.",
      volume         = "2",
      pages          = "253-291",
      year           = "1998",
      eprint         = "hep-th/9802150",
      archivePrefix  = "arXiv",
      primaryClass   = "hep-th",
      reportNumber   = "IASSNS-HEP-98-15",
      SLACcitation   = "%%CITATION = HEP-TH/9802150;%%",
}
@article{Gubser:1998bc,
      author         = "Gubser, S.S. and Klebanov, Igor R. and Polyakov,
                        Alexander M.",
      title          = "{Gauge theory correlators from noncritical string
                        theory}",
      journal        = "Phys.Lett.",
      volume         = "B428",
      pages          = "105-114",
      doi            = "10.1016/S0370-2693(98)00377-3",
      year           = "1998",
      eprint         = "hep-th/9802109",
      archivePrefix  = "arXiv",
      primaryClass   = "hep-th",
      reportNumber   = "PUPT-1767",
      SLACcitation   = "%%CITATION = HEP-TH/9802109;%%",
}
@article{Heemskerk:2009pn,
      author         = "Heemskerk, Idse and Penedones, Joao and Polchinski,
                        Joseph and Sully, James",
      title          = "{Holography from Conformal Field Theory}",
      journal        = "JHEP",
      volume         = "0910",
      pages          = "079",
      doi            = "10.1088/1126-6708/2009/10/079",
      year           = "2009",
      eprint         = "0907.0151",
      archivePrefix  = "arXiv",
      primaryClass   = "hep-th",
      reportNumber   = "NSF-KITP-09-110",
      SLACcitation   = "%%CITATION = ARXIV:0907.0151;%%",
}
@article{Fitzpatrick:2010zm,
      author         = "Fitzpatrick, A. Liam and Katz, Emanuel and Poland, David
                        and Simmons-Duffin, David",
      title          = "{Effective Conformal Theory and the Flat-Space Limit of
                        AdS}",
      journal        = "JHEP",
      volume         = "1107",
      pages          = "023",
      doi            = "10.1007/JHEP07(2011)023",
      year           = "2011",
      eprint         = "1007.2412",
      archivePrefix  = "arXiv",
      primaryClass   = "hep-th",
      reportNumber   = "BUHET-07-14-10",
      SLACcitation   = "%%CITATION = ARXIV:1007.2412;%%",
}
@article{ElShowk:2011ag,
      author         = "El-Showk, Sheer and Papadodimas, Kyriakos",
      title          = "{Emergent Spacetime and Holographic CFTs}",
      journal        = "JHEP",
      volume         = "1210",
      pages          = "106",
      doi            = "10.1007/JHEP10(2012)106",
      year           = "2012",
      eprint         = "1101.4163",
      archivePrefix  = "arXiv",
      primaryClass   = "hep-th",
      SLACcitation   = "%%CITATION = ARXIV:1101.4163;%%",
}
@article{Fitzpatrick:2012cg,
      author         = "Fitzpatrick, A. Liam and Kaplan, Jared",
      title          = "{AdS Field Theory from Conformal Field Theory}",
      journal        = "JHEP",
      volume         = "1302",
      pages          = "054",
      doi            = "10.1007/JHEP02(2013)054",
      year           = "2013",
      eprint         = "1208.0337",
      archivePrefix  = "arXiv",
      primaryClass   = "hep-th",
      SLACcitation   = "%%CITATION = ARXIV:1208.0337;%%",
}
@article{Hartman:2014oaa,
      author         = "Hartman, Thomas and Keller, Christoph A. and Stoica,
                        Bogdan",
      title          = "{Universal Spectrum of 2d Conformal Field Theory in the
                        Large c Limit}",
      journal        = "JHEP",
      volume         = "1409",
      pages          = "118",
      doi            = "10.1007/JHEP09(2014)118",
      year           = "2014",
      eprint         = "1405.5137",
      archivePrefix  = "arXiv",
      primaryClass   = "hep-th",
      reportNumber   = "CALT-68-2889, RUNHETC-2014-07",
      SLACcitation   = "%%CITATION = ARXIV:1405.5137;%%",
}
@article{Susskind:1998dq,
      author         = "Susskind, Leonard and Witten, Edward",
      title          = "{The Holographic bound in anti-de Sitter space}",
      year           = "1998",
      eprint         = "hep-th/9805114",
      archivePrefix  = "arXiv",
      primaryClass   = "hep-th",
      reportNumber   = "SU-ITP-98-39, IASSNS-HEP-98-44",
      SLACcitation   = "%%CITATION = HEP-TH/9805114;%%",
}
@article{deHaro:2000xn,
      author         = "de Haro, Sebastian and Solodukhin, Sergey N. and
                        Skenderis, Kostas",
      title          = "{Holographic reconstruction of space-time and
                        renormalization in the AdS / CFT correspondence}",
      journal        = "Commun.Math.Phys.",
      volume         = "217",
      pages          = "595-622",
      doi            = "10.1007/s002200100381",
      year           = "2001",
      eprint         = "hep-th/0002230",
      archivePrefix  = "arXiv",
      primaryClass   = "hep-th",
      reportNumber   = "SPIN-2000-05, ITP-UU-00-03, PUTP-1921",
      SLACcitation   = "%%CITATION = HEP-TH/0002230;%%",
}
@article{Skenderis:2002wp,
      author         = "Skenderis, Kostas",
      title          = "{Lecture notes on holographic renormalization}",
      journal        = "Class.Quant.Grav.",
      volume         = "19",
      pages          = "5849-5876",
      doi            = "10.1088/0264-9381/19/22/306",
      year           = "2002",
      eprint         = "hep-th/0209067",
      archivePrefix  = "arXiv",
      primaryClass   = "hep-th",
      reportNumber   = "PUTP-2047",
      SLACcitation   = "%%CITATION = HEP-TH/0209067;%%",
}
@article{Heemskerk:2010hk,
      author         = "Heemskerk, Idse and Polchinski, Joseph",
      title          = "{Holographic and Wilsonian Renormalization Groups}",
      journal        = "JHEP",
      volume         = "1106",
      pages          = "031",
      doi            = "10.1007/JHEP06(2011)031",
      year           = "2011",
      eprint         = "1010.1264",
      archivePrefix  = "arXiv",
      primaryClass   = "hep-th",
      SLACcitation   = "%%CITATION = ARXIV:1010.1264;%%",
}
@article{Faulkner:2010jy,
      author         = "Faulkner, Thomas and Liu, Hong and Rangamani, Mukund",
      title          = "{Integrating out geometry: Holographic Wilsonian RG and
                        the membrane paradigm}",
      journal        = "JHEP",
      volume         = "1108",
      pages          = "051",
      doi            = "10.1007/JHEP08(2011)051",
      year           = "2011",
      eprint         = "1010.4036",
      archivePrefix  = "arXiv",
      primaryClass   = "hep-th",
      reportNumber   = "MIT-CTP-4185, DCPT-10-47",
      SLACcitation   = "%%CITATION = ARXIV:1010.4036;%%",
}
@article{Lee:2013dln,
      author         = "Lee, Sung-Sik",
      title          = "{Quantum Renormalization Group and Holography}",
      journal        = "JHEP",
      volume         = "1401",
      pages          = "076",
      doi            = "10.1007/JHEP01(2014)076",
      year           = "2014",
      eprint         = "1305.3908",
      archivePrefix  = "arXiv",
      primaryClass   = "hep-th",
      SLACcitation   = "%%CITATION = ARXIV:1305.3908;%%",
}
@article{Faulkner:2010tq,
      author         = "Faulkner, Thomas and Polchinski, Joseph",
      title          = "{Semi-Holographic Fermi Liquids}",
      journal        = "JHEP",
      volume         = "1106",
      pages          = "012",
      doi            = "10.1007/JHEP06(2011)012",
      year           = "2011",
      eprint         = "1001.5049",
      archivePrefix  = "arXiv",
      primaryClass   = "hep-th",
      SLACcitation   = "%%CITATION = ARXIV:1001.5049;%%",
}
@article{Nickel:2010pr,
      author         = "Nickel, Dominik and Son, Dam T.",
      title          = "{Deconstructing holographic liquids}",
      journal        = "New J.Phys.",
      volume         = "13",
      pages          = "075010",
      doi            = "10.1088/1367-2630/13/7/075010",
      year           = "2011",
      eprint         = "1009.3094",
      archivePrefix  = "arXiv",
      primaryClass   = "hep-th",
      reportNumber   = "INT-PUB-10-041",
      SLACcitation   = "%%CITATION = ARXIV:1009.3094;%%",
}
@article{Witten:2001ua,
      author         = "Witten, Edward",
      title          = "{Multitrace operators, boundary conditions, and AdS / CFT
                        correspondence}",
      year           = "2001",
      eprint         = "hep-th/0112258",
      archivePrefix  = "arXiv",
      primaryClass   = "hep-th",
      SLACcitation   = "%%CITATION = HEP-TH/0112258;%%",
}
@article{Marolf:2006nd,
      author         = "Marolf, Donald and Ross, Simon F.",
      title          = "{Boundary Conditions and New Dualities: Vector Fields in
                        AdS/CFT}",
      journal        = "JHEP",
      volume         = "0611",
      pages          = "085",
      doi            = "10.1088/1126-6708/2006/11/085",
      year           = "2006",
      eprint         = "hep-th/0606113",
      archivePrefix  = "arXiv",
      primaryClass   = "hep-th",
      reportNumber   = "DCPT-06-15",
      SLACcitation   = "%%CITATION = HEP-TH/0606113;%%",
}
@article{Gubser:2002vv,
      author         = "Gubser, Steven S. and Klebanov, Igor R.",
      title          = "{A Universal result on central charges in the presence of
                        double trace deformations}",
      journal        = "Nucl.Phys.",
      volume         = "B656",
      pages          = "23-36",
      doi            = "10.1016/S0550-3213(03)00056-7",
      year           = "2003",
      eprint         = "hep-th/0212138",
      archivePrefix  = "arXiv",
      primaryClass   = "hep-th",
      reportNumber   = "PUPT-2069",
      SLACcitation   = "%%CITATION = HEP-TH/0212138;%%",
}
@article{Klebanov:1999tb,
      author         = "Klebanov, Igor R. and Witten, Edward",
      title          = "{AdS / CFT correspondence and symmetry breaking}",
      journal        = "Nucl.Phys.",
      volume         = "B556",
      pages          = "89-114",
      doi            = "10.1016/S0550-3213(99)00387-9",
      year           = "1999",
      eprint         = "hep-th/9905104",
      archivePrefix  = "arXiv",
      primaryClass   = "hep-th",
      reportNumber   = "PUPT-1863, IASSNS-HEP-99-49",
      SLACcitation   = "%%CITATION = HEP-TH/9905104;%%",
}
@article{Ryu:2006bv,
      author         = "Ryu, Shinsei and Takayanagi, Tadashi",
      title          = "{Holographic derivation of entanglement entropy from
                        AdS/CFT}",
      journal        = "Phys.Rev.Lett.",
      volume         = "96",
      pages          = "181602",
      doi            = "10.1103/PhysRevLett.96.181602",
      year           = "2006",
      eprint         = "hep-th/0603001",
      archivePrefix  = "arXiv",
      primaryClass   = "hep-th",
      reportNumber   = "NSF-KITP-06-11",
      SLACcitation   = "%%CITATION = HEP-TH/0603001;%%",
}
@article{Nishioka:2009un,
      author         = "Nishioka, Tatsuma and Ryu, Shinsei and Takayanagi,
                        Tadashi",
      title          = "{Holographic Entanglement Entropy: An Overview}",
      journal        = "J.Phys.",
      volume         = "A42",
      pages          = "504008",
      doi            = "10.1088/1751-8113/42/50/504008",
      year           = "2009",
      eprint         = "0905.0932",
      archivePrefix  = "arXiv",
      primaryClass   = "hep-th",
      reportNumber   = "KUNS-2207, IPMU09-0056",
      SLACcitation   = "%%CITATION = ARXIV:0905.0932;%%",
}
@article{Lewkowycz:2013nqa,
      author         = "Lewkowycz, Aitor and Maldacena, Juan",
      title          = "{Generalized gravitational entropy}",
      journal        = "JHEP",
      volume         = "1308",
      pages          = "090",
      doi            = "10.1007/JHEP08(2013)090",
      year           = "2013",
      eprint         = "1304.4926",
      archivePrefix  = "arXiv",
      primaryClass   = "hep-th",
      SLACcitation   = "%%CITATION = ARXIV:1304.4926;%%",
}
@article{Maldacena:2001kr,
      author         = "Maldacena, Juan Martin",
      title          = "{Eternal black holes in anti-de Sitter}",
      journal        = "JHEP",
      volume         = "0304",
      pages          = "021",
      doi            = "10.1088/1126-6708/2003/04/021",
      year           = "2003",
      eprint         = "hep-th/0106112",
      archivePrefix  = "arXiv",
      primaryClass   = "hep-th",
      reportNumber   = "NSF-ITP-01-59",
      SLACcitation   = "%%CITATION = HEP-TH/0106112;%%",
}
@article{Swingle:2009bg,
      author         = "Swingle, Brian",
      title          = "{Entanglement Renormalization and Holography}",
      journal        = "Phys.Rev.",
      volume         = "D86",
      pages          = "065007",
      doi            = "10.1103/PhysRevD.86.065007",
      year           = "2012",
      eprint         = "0905.1317",
      archivePrefix  = "arXiv",
      primaryClass   = "cond-mat.str-el",
      SLACcitation   = "%%CITATION = ARXIV:0905.1317;%%",
}
@article{Hartman:2013qma,
      author         = "Hartman, Thomas and Maldacena, Juan",
      title          = "{Time Evolution of Entanglement Entropy from Black Hole
                        Interiors}",
      journal        = "JHEP",
      volume         = "1305",
      pages          = "014",
      doi            = "10.1007/JHEP05(2013)014",
      year           = "2013",
      eprint         = "1303.1080",
      archivePrefix  = "arXiv",
      primaryClass   = "hep-th",
      SLACcitation   = "%%CITATION = ARXIV:1303.1080;%%",
}
@article{vidal,
      author         = "Vidal, Guifre",
      title          = "{Entanglement Renormalization: an introduction}",
      eprint         = "0912.1651",
      archivePrefix  = "arXiv",
      primaryClass   = "cond-mat.str-el",
      year           = "2010",
      booktitle = "Understanding Quantum Phase Transitions",
      publisher = "Taylor and Francis",
}
@article{eisert,
      author         = "Eisert, J.",
      title          = "{Entanglement and tensor network states}",
      year           = "2013",
      eprint         = "1308.3318",
      archivePrefix  = "arXiv",
      primaryClass   = "quant-ph",
      SLACcitation   = "%%CITATION = ARXIV:1308.3318;%%",
}
@article{Swingle:2012wq,
      author         = "Swingle, Brian",
      title          = "{Constructing holographic spacetimes using entanglement
                        renormalization}",
      year           = "2012",
      eprint         = "1209.3304",
      archivePrefix  = "arXiv",
      primaryClass   = "hep-th",
      SLACcitation   = "%%CITATION = ARXIV:1209.3304;%%",
}
@article{Polyakov:1998ju,
      author         = "Polyakov, Alexander M.",
      title          = "{The Wall of the cave}",
      journal        = "Int.J.Mod.Phys.",
      volume         = "A14",
      pages          = "645-658",
      doi            = "10.1142/S0217751X99000324",
      year           = "1999",
      eprint         = "hep-th/9809057",
      archivePrefix  = "arXiv",
      primaryClass   = "hep-th",
      reportNumber   = "PUPT-1812",
      SLACcitation   = "%%CITATION = HEP-TH/9809057;%%",
}
@article{Kuperstein:2004yk,
      author         = "Kuperstein, Stanislav and Sonnenschein, Jacob",
      title          = "{Noncritical supergravity ($d>1$) and holography}",
      journal        = "JHEP",
      volume         = "0407",
      pages          = "049",
      doi            = "10.1088/1126-6708/2004/07/049",
      year           = "2004",
      eprint         = "hep-th/0403254",
      archivePrefix  = "arXiv",
      primaryClass   = "hep-th",
      reportNumber   = "TAUP-2767-04",
      SLACcitation   = "%%CITATION = HEP-TH/0403254;%%",
}
@article{Klebanov:2004ya,
      author         = "Klebanov, Igor R. and Maldacena, Juan Martin",
      title          = "{Superconformal gauge theories and non-critical
                        superstrings}",
      journal        = "Int.J.Mod.Phys.",
      volume         = "A19",
      pages          = "5003-5016",
      doi            = "10.1142/S0217751X04020865",
      year           = "2004",
      eprint         = "hep-th/0409133",
      archivePrefix  = "arXiv",
      primaryClass   = "hep-th",
      reportNumber   = "PUPT-2135",
      SLACcitation   = "%%CITATION = HEP-TH/0409133;%%",
}
@article{Bigazzi:2005md,
      author         = "Bigazzi, F. and Casero, Roberto and Cotrone, A.L. and
                        Kiritsis, E. and Paredes, Angel",
      title          = "{Non-critical holography and four-dimensional CFT's with
                        fundamentals}",
      journal        = "JHEP",
      volume         = "0510",
      pages          = "012",
      doi            = "10.1088/1126-6708/2005/10/012",
      year           = "2005",
      eprint         = "hep-th/0505140",
      archivePrefix  = "arXiv",
      primaryClass   = "hep-th",
      reportNumber   = "CPHT-RR-019-0305, UB-ECM-PF-05-08, LPTHE-05-12",
      SLACcitation   = "%%CITATION = HEP-TH/0505140;%%",
}
@article{Denef:2007pq,
      author         = "Denef, Frederik and Douglas, Michael R. and Kachru,
                        Shamit",
      title          = "{Physics of String Flux Compactifications}",
      journal        = "Ann.Rev.Nucl.Part.Sci.",
      volume         = "57",
      pages          = "119-144",
      doi            = "10.1146/annurev.nucl.57.090506.123042",
      year           = "2007",
      eprint         = "hep-th/0701050",
      archivePrefix  = "arXiv",
      primaryClass   = "hep-th",
      reportNumber   = "SLAC-PUB-12359",
      SLACcitation   = "%%CITATION = HEP-TH/0701050;%%",
}
@article{Polchinski:2009ch,
      author         = "Polchinski, Joseph and Silverstein, Eva",
      title          = "{Dual Purpose Landscaping Tools: Small Extra Dimensions
                        in AdS/CFT}",
      pages          = "365-390",
      doi            = "10.1142/9789814412551_0018",
      year           = "2009",
      eprint         = "0908.0756",
      archivePrefix  = "arXiv",
      primaryClass   = "hep-th",
      reportNumber   = "NSF-KITP-09-151, SU-ITP-09-38, SLAC-PUB-13748",
      SLACcitation   = "%%CITATION = ARXIV:0908.0756;%%",
}
@article{Herzog:2007ij,
      author         = "Herzog, Christopher P. and Kovtun, Pavel and Sachdev,
                        Subir and Son, Dam Thanh",
      title          = "{Quantum critical transport, duality, and M-theory}",
      journal        = "Phys.Rev.",
      volume         = "D75",
      pages          = "085020",
      doi            = "10.1103/PhysRevD.75.085020",
      year           = "2007",
      eprint         = "hep-th/0701036",
      archivePrefix  = "arXiv",
      primaryClass   = "hep-th",
      reportNumber   = "NSF-KITP-06-129, INT-PUB-07-01",
      SLACcitation   = "%%CITATION = HEP-TH/0701036;%%",
}
@article{Gauntlett:2007ma,
      author         = "Gauntlett, Jerome P. and Varela, Oscar",
      title          = "{Consistent Kaluza-Klein reductions for general
                        supersymmetric AdS solutions}",
      journal        = "Phys.Rev.",
      volume         = "D76",
      pages          = "126007",
      doi            = "10.1103/PhysRevD.76.126007",
      year           = "2007",
      eprint         = "0707.2315",
      archivePrefix  = "arXiv",
      primaryClass   = "hep-th",
      SLACcitation   = "%%CITATION = ARXIV:0707.2315;%%",
}
@article{Denef:2009tp,
      author         = "Denef, Frederik and Hartnoll, Sean A.",
      title          = "{Landscape of superconducting membranes}",
      journal        = "Phys.Rev.",
      volume         = "D79",
      pages          = "126008",
      doi            = "10.1103/PhysRevD.79.126008",
      year           = "2009",
      eprint         = "0901.1160",
      archivePrefix  = "arXiv",
      primaryClass   = "hep-th",
      SLACcitation   = "%%CITATION = ARXIV:0901.1160;%%",
}
@article{Gubser:2009qm,
      author         = "Gubser, Steven S. and Herzog, Christopher P. and Pufu,
                        Silviu S. and Tesileanu, Tiberiu",
      title          = "{Superconductors from Superstrings}",
      journal        = "Phys.Rev.Lett.",
      volume         = "103",
      pages          = "141601",
      doi            = "10.1103/PhysRevLett.103.141601",
      year           = "2009",
      eprint         = "0907.3510",
      archivePrefix  = "arXiv",
      primaryClass   = "hep-th",
      reportNumber   = "PUPT-2306",
      SLACcitation   = "%%CITATION = ARXIV:0907.3510;%%",
}
@article{Gubser:2009gp,
      author         = "Gubser, Steven S. and Pufu, Silviu S. and Rocha, Fabio
                        D.",
      title          = "{Quantum critical superconductors in string theory and
                        M-theory}",
      journal        = "Phys.Lett.",
      volume         = "B683",
      pages          = "201-204",
      doi            = "10.1016/j.physletb.2009.12.017",
      year           = "2010",
      eprint         = "0908.0011",
      archivePrefix  = "arXiv",
      primaryClass   = "hep-th",
      reportNumber   = "PUPT-2308",
      SLACcitation   = "%%CITATION = ARXIV:0908.0011;%%",
}
@article{Gauntlett:2009dn,
      author         = "Gauntlett, Jerome P. and Sonner, Julian and Wiseman,
                        Toby",
      title          = "{Holographic superconductivity in M-Theory}",
      journal        = "Phys.Rev.Lett.",
      volume         = "103",
      pages          = "151601",
      doi            = "10.1103/PhysRevLett.103.151601",
      year           = "2009",
      eprint         = "0907.3796",
      archivePrefix  = "arXiv",
      primaryClass   = "hep-th",
      SLACcitation   = "%%CITATION = ARXIV:0907.3796;%%",
}
@article{Gauntlett:2009bh,
      author         = "Gauntlett, Jerome P. and Sonner, Julian and Wiseman,
                        Toby",
      title          = "{Quantum Criticality and Holographic Superconductors in
                        M-theory}",
      journal        = "JHEP",
      volume         = "1002",
      pages          = "060",
      doi            = "10.1007/JHEP02(2010)060",
      year           = "2010",
      eprint         = "0912.0512",
      archivePrefix  = "arXiv",
      primaryClass   = "hep-th",
      reportNumber   = "IMPERIAL-TP-2009-JG-08",
      SLACcitation   = "%%CITATION = ARXIV:0912.0512;%%",
}
@article{Donos:2012yu,
      author         = "Donos, Aristomenis and Gauntlett, Jerome P. and Sonner,
                        Julian and Withers, Benjamin",
      title          = "{Competing orders in M-theory: superfluids, stripes and
                        metamagnetism}",
      journal        = "JHEP",
      volume         = "1303",
      pages          = "108",
      doi            = "10.1007/JHEP03(2013)108",
      year           = "2013",
      eprint         = "1212.0871",
      archivePrefix  = "arXiv",
      primaryClass   = "hep-th",
      reportNumber   = "IMPERIAL-TP-2012-JG-05, MIT-CTP-4421",
      SLACcitation   = "%%CITATION = ARXIV:1212.0871;%%",
}
@article{Cvetic:1999xp,
      author         = "Cvetic, Mirjam and Duff, M.J. and Hoxha, P. and Liu,
                        James T. and Lu, Hong and others",
      title          = "{Embedding AdS black holes in ten-dimensions and
                        eleven-dimensions}",
      journal        = "Nucl.Phys.",
      volume         = "B558",
      pages          = "96-126",
      doi            = "10.1016/S0550-3213(99)00419-8",
      year           = "1999",
      eprint         = "hep-th/9903214",
      archivePrefix  = "arXiv",
      primaryClass   = "hep-th",
      reportNumber   = "UPR-0840-T, CTP-TAMU-11-99, RU-99-4-B",
      SLACcitation   = "%%CITATION = HEP-TH/9903214;%%",
}
@article{Gubser:2009qt,
      author         = "Gubser, Steven S. and Rocha, Fabio D.",
      title          = "{Peculiar properties of a charged dilatonic black hole in
                        AdS$_5$}",
      journal        = "Phys.Rev.",
      volume         = "D81",
      pages          = "046001",
      doi            = "10.1103/PhysRevD.81.046001",
      year           = "2010",
      eprint         = "0911.2898",
      archivePrefix  = "arXiv",
      primaryClass   = "hep-th",
      reportNumber   = "PUPT-2321",
      SLACcitation   = "%%CITATION = ARXIV:0911.2898;%%",
}
@article{Kachru:2008yh,
      author         = "Kachru, Shamit and Liu, Xiao and Mulligan, Michael",
      title          = "{Gravity duals of Lifshitz-like fixed points}",
      journal        = "Phys.Rev.",
      volume         = "D78",
      pages          = "106005",
      doi            = "10.1103/PhysRevD.78.106005",
      year           = "2008",
      eprint         = "0808.1725",
      archivePrefix  = "arXiv",
      primaryClass   = "hep-th",
      reportNumber   = "SLAC-PUB-13354, SU-ITP-08-16",
      SLACcitation   = "%%CITATION = ARXIV:0808.1725;%%",
}
@article{Adams:2008zk,
      author         = "Adams, Allan and Maloney, Alexander and Sinha, Aninda and
                        Vazquez, Samuel E.",
      title          = "{1/N Effects in Non-Relativistic Gauge-Gravity Duality}",
      journal        = "JHEP",
      volume         = "0903",
      pages          = "097",
      doi            = "10.1088/1126-6708/2009/03/097",
      year           = "2009",
      eprint         = "0812.0166",
      archivePrefix  = "arXiv",
      primaryClass   = "hep-th",
      reportNumber   = "MIT-CTP-4001",
      SLACcitation   = "%%CITATION = ARXIV:0812.0166;%%",
}
@article{Hartnoll:2009sz,
      author         = "Hartnoll, Sean A.",
      title          = "{Lectures on holographic methods for condensed matter
                        physics}",
      journal        = "Class.Quant.Grav.",
      volume         = "26",
      pages          = "224002",
      doi            = "10.1088/0264-9381/26/22/224002",
      year           = "2009",
      eprint         = "0903.3246",
      archivePrefix  = "arXiv",
      primaryClass   = "hep-th",
      SLACcitation   = "%%CITATION = ARXIV:0903.3246;%%",
}
@article{Horowitz:1997uc,
      author         = "Horowitz, Gary T. and Ross, Simon F.",
      title          = "{Naked black holes}",
      journal        = "Phys.Rev.",
      volume         = "D56",
      pages          = "2180-2187",
      doi            = "10.1103/PhysRevD.56.2180",
      year           = "1997",
      eprint         = "hep-th/9704058",
      archivePrefix  = "arXiv",
      primaryClass   = "hep-th",
      reportNumber   = "UCSBTH-97-05",
      SLACcitation   = "%%CITATION = HEP-TH/9704058;%%",
}
@article{Bao:2012yt,
      author         = "Bao, Ning and Dong, Xi and Harrison, Sarah and
                        Silverstein, Eva",
      title          = "{The Benefits of Stress: Resolution of the Lifshitz
                        Singularity}",
      journal        = "Phys.Rev.",
      volume         = "D86",
      pages          = "106008",
      doi            = "10.1103/PhysRevD.86.106008",
      year           = "2012",
      eprint         = "1207.0171",
      archivePrefix  = "arXiv",
      primaryClass   = "hep-th",
      reportNumber   = "SLAC-PUB-15119, SU-ITP-12-18",
      SLACcitation   = "%%CITATION = ARXIV:1207.0171;%%",
}
@article{Taylor:2008tg,
      author         = "Taylor, Marika",
      title          = "{Non-relativistic holography}",
      year           = "2008",
      eprint         = "0812.0530",
      archivePrefix  = "arXiv",
      primaryClass   = "hep-th",
      reportNumber   = "ITFA-2008-48",
      SLACcitation   = "%%CITATION = ARXIV:0812.0530;%%",
}
@article{Goldstein:2009cv,
      author         = "Goldstein, Kevin and Kachru, Shamit and Prakash, Shiroman
                        and Trivedi, Sandip P.",
      title          = "{Holography of Charged Dilaton Black Holes}",
      journal        = "JHEP",
      volume         = "1008",
      pages          = "078",
      doi            = "10.1007/JHEP08(2010)078",
      year           = "2010",
      eprint         = "0911.3586",
      archivePrefix  = "arXiv",
      primaryClass   = "hep-th",
      reportNumber   = "NSF-KITP-09-174, TIFR-TH-09-41, WITS-CTP-046",
      SLACcitation   = "%%CITATION = ARXIV:0911.3586;%%",
}
@article{Balasubramanian:2010uk,
      author         = "Balasubramanian, Koushik and Narayan, K.",
      title          = "{Lifshitz spacetimes from AdS null and cosmological
                        solutions}",
      journal        = "JHEP",
      volume         = "1008",
      pages          = "014",
      doi            = "10.1007/JHEP08(2010)014",
      year           = "2010",
      eprint         = "1005.3291",
      archivePrefix  = "arXiv",
      primaryClass   = "hep-th",
      SLACcitation   = "%%CITATION = ARXIV:1005.3291;%%",
}
@article{Donos:2010tu,
      author         = "Donos, Aristomenis and Gauntlett, Jerome P.",
      title          = "{Lifshitz Solutions of D=10 and D=11 supergravity}",
      journal        = "JHEP",
      volume         = "1012",
      pages          = "002",
      doi            = "10.1007/JHEP12(2010)002",
      year           = "2010",
      eprint         = "1008.2062",
      archivePrefix  = "arXiv",
      primaryClass   = "hep-th",
      reportNumber   = "IMPERIAL-TP-2010-JG-02",
      SLACcitation   = "%%CITATION = ARXIV:1008.2062;%%",
}
@article{Huijse:2011ef,
      author         = "Huijse, Liza and Sachdev, Subir and Swingle, Brian",
      title          = "{Hidden Fermi surfaces in compressible states of
                        gauge-gravity duality}",
      journal        = "Phys.Rev.",
      volume         = "B85",
      pages          = "035121",
      doi            = "10.1103/PhysRevB.85.035121",
      year           = "2012",
      eprint         = "1112.0573",
      archivePrefix  = "arXiv",
      primaryClass   = "cond-mat.str-el",
      reportNumber   = "NSF-KITP-11-259",
      SLACcitation   = "%%CITATION = ARXIV:1112.0573;%%",
}
@article{Dong:2012se,
      author         = "Dong, Xi and Harrison, Sarah and Kachru, Shamit and
                        Torroba, Gonzalo and Wang, Huajia",
      title          = "{Aspects of holography for theories with hyperscaling
                        violation}",
      journal        = "JHEP",
      volume         = "1206",
      pages          = "041",
      doi            = "10.1007/JHEP06(2012)041",
      year           = "2012",
      eprint         = "1201.1905",
      archivePrefix  = "arXiv",
      primaryClass   = "hep-th",
      reportNumber   = "SLAC-PUB-14850, SU-ITP-12-01",
      SLACcitation   = "%%CITATION = ARXIV:1201.1905;%%",
}
@article{Charmousis:2010zz,
      author         = "Charmousis, Christos and Gouteraux, Blaise and Kim, Bom
                        Soo and Kiritsis, Elias and Meyer, Rene",
      title          = "{Effective Holographic Theories for low-temperature
                        condensed matter systems}",
      journal        = "JHEP",
      volume         = "1011",
      pages          = "151",
      doi            = "10.1007/JHEP11(2010)151",
      year           = "2010",
      eprint         = "1005.4690",
      archivePrefix  = "arXiv",
      primaryClass   = "hep-th",
      reportNumber   = "CCTP-2010-5, LPT-10-34",
      SLACcitation   = "%%CITATION = ARXIV:1005.4690;%%",
}
@article{Freedman:1999gp,
      author         = "Freedman, D.Z. and Gubser, S.S. and Pilch, K. and Warner,
                        N.P.",
      title          = "{Renormalization group flows from holography
                        supersymmetry and a c theorem}",
      journal        = "Adv.Theor.Math.Phys.",
      volume         = "3",
      pages          = "363-417",
      year           = "1999",
      eprint         = "hep-th/9904017",
      archivePrefix  = "arXiv",
      primaryClass   = "hep-th",
      reportNumber   = "CERN-TH-99-86, HUTP-99-A015, USC-99-1, MIT-CTP-2846",
      SLACcitation   = "%%CITATION = HEP-TH/9904017;%%",
}
@article{Shaghoulian:2011aa,
      author         = "Shaghoulian, Edgar",
      title          = "{Holographic Entanglement Entropy and Fermi Surfaces}",
      journal        = "JHEP",
      volume         = "1205",
      pages          = "065",
      doi            = "10.1007/JHEP05(2012)065",
      year           = "2012",
      eprint         = "1112.2702",
      archivePrefix  = "arXiv",
      primaryClass   = "hep-th",
      SLACcitation   = "%%CITATION = ARXIV:1112.2702;%%",
}
@article{Lei:2013apa,
      author         = "Lei, Yang and Ross, Simon F.",
      title          = "{Extending the non-singular hyperscaling violating
                        spacetimes}",
      journal        = "Class.Quant.Grav.",
      volume         = "31",
      pages          = "035007",
      doi            = "10.1088/0264-9381/31/3/035007",
      year           = "2014",
      eprint         = "1310.5878",
      archivePrefix  = "arXiv",
      primaryClass   = "hep-th",
      SLACcitation   = "%%CITATION = ARXIV:1310.5878;%%",
}
@article{Son:2008ye,
      author         = "Son, D.T.",
      title          = "{Toward an AdS/cold atoms correspondence: A Geometric
                        realization of the Schrodinger symmetry}",
      journal        = "Phys.Rev.",
      volume         = "D78",
      pages          = "046003",
      doi            = "10.1103/PhysRevD.78.046003",
      year           = "2008",
      eprint         = "0804.3972",
      archivePrefix  = "arXiv",
      primaryClass   = "hep-th",
      reportNumber   = "INT-PUB-08-08",
      SLACcitation   = "%%CITATION = ARXIV:0804.3972;%%",
}
@article{Balasubramanian:2008dm,
      author         = "Balasubramanian, Koushik and McGreevy, John",
      title          = "{Gravity duals for non-relativistic CFTs}",
      journal        = "Phys.Rev.Lett.",
      volume         = "101",
      pages          = "061601",
      doi            = "10.1103/PhysRevLett.101.061601",
      year           = "2008",
      eprint         = "0804.4053",
      archivePrefix  = "arXiv",
      primaryClass   = "hep-th",
      SLACcitation   = "%%CITATION = ARXIV:0804.4053;%%",
}
@article{Maldacena:2008wh,
      author         = "Maldacena, Juan and Martelli, Dario and Tachikawa, Yuji",
      title          = "{Comments on string theory backgrounds with
                        non-relativistic conformal symmetry}",
      journal        = "JHEP",
      volume         = "0810",
      pages          = "072",
      doi            = "10.1088/1126-6708/2008/10/072",
      year           = "2008",
      eprint         = "0807.1100",
      archivePrefix  = "arXiv",
      primaryClass   = "hep-th",
      SLACcitation   = "%%CITATION = ARXIV:0807.1100;%%",
}
@article{Herzog:2008wg,
      author         = "Herzog, Christopher P. and Rangamani, Mukund and Ross,
                        Simon F.",
      title          = "{Heating up Galilean holography}",
      journal        = "JHEP",
      volume         = "0811",
      pages          = "080",
      doi            = "10.1088/1126-6708/2008/11/080",
      year           = "2008",
      eprint         = "0807.1099",
      archivePrefix  = "arXiv",
      primaryClass   = "hep-th",
      reportNumber   = "PUPT-2274, DCPT-08-39",
      SLACcitation   = "%%CITATION = ARXIV:0807.1099;%%",
}
@article{Adams:2008wt,
      author         = "Adams, Allan and Balasubramanian, Koushik and McGreevy,
                        John",
      title          = "{Hot Spacetimes for Cold Atoms}",
      journal        = "JHEP",
      volume         = "0811",
      pages          = "059",
      doi            = "10.1088/1126-6708/2008/11/059",
      year           = "2008",
      eprint         = "0807.1111",
      archivePrefix  = "arXiv",
      primaryClass   = "hep-th",
      reportNumber   = "MIT-CTP-3962",
      SLACcitation   = "%%CITATION = ARXIV:0807.1111;%%",
}
@article{Janiszewski:2012nb,
      author         = "Janiszewski, Stefan and Karch, Andreas",
      title          = "{Non-relativistic holography from Horava gravity}",
      journal        = "JHEP",
      volume         = "1302",
      pages          = "123",
      doi            = "10.1007/JHEP02(2013)123",
      year           = "2013",
      eprint         = "1211.0005",
      archivePrefix  = "arXiv",
      primaryClass   = "hep-th",
      SLACcitation   = "%%CITATION = ARXIV:1211.0005;%%",
}
@article{Balasubramanian:2010uw,
      author         = "Balasubramanian, Koushik and McGreevy, John",
      title          = "{The Particle number in Galilean holography}",
      journal        = "JHEP",
      volume         = "1101",
      pages          = "137",
      doi            = "10.1007/JHEP01(2011)137",
      year           = "2011",
      eprint         = "1007.2184",
      archivePrefix  = "arXiv",
      primaryClass   = "hep-th",
      reportNumber   = "MIT-CTP-4070, NSF-KITP-09-137",
      SLACcitation   = "%%CITATION = ARXIV:1007.2184;%%",
}
@article{Kovtun:2008qy,
      author         = "Kovtun, Pavel and Nickel, Dominik",
      title          = "{Black holes and non-relativistic quantum systems}",
      journal        = "Phys.Rev.Lett.",
      volume         = "102",
      pages          = "011602",
      doi            = "10.1103/PhysRevLett.102.011602",
      year           = "2009",
      eprint         = "0809.2020",
      archivePrefix  = "arXiv",
      primaryClass   = "hep-th",
      reportNumber   = "MIT-CTP-3978",
      SLACcitation   = "%%CITATION = ARXIV:0809.2020;%%",
}
@article{Gibbons:1976ue,
      author         = "Gibbons, G.W. and Hawking, S.W.",
      title          = "{Action Integrals and Partition Functions in Quantum
                        Gravity}",
      journal        = "Phys.Rev.",
      volume         = "D15",
      pages          = "2752-2756",
      doi            = "10.1103/PhysRevD.15.2752",
      year           = "1977",
      reportNumber   = "PRINT-76-0995 (CAMBRIDGE)",
      SLACcitation   = "%%CITATION = PHRVA,D15,2752;%%",
}
@article{Gibbons:1979xm,
      author         = "Gibbons, G.W. and Hawking, S.W.",
      title          = "{Classification of Gravitational Instanton Symmetries}",
      journal        = "Commun.Math.Phys.",
      volume         = "66",
      pages          = "291-310",
      doi            = "10.1007/BF01197189",
      year           = "1979",
      SLACcitation   = "%%CITATION = CMPHA,66,291;%%",
}
@article{Chamblin:1999ya,
      author         = "Chamblin, H.A. and Reall, H.S.",
      title          = "{Dynamic dilatonic domain walls}",
      journal        = "Nucl.Phys.",
      volume         = "B562",
      pages          = "133-157",
      doi            = "10.1016/S0550-3213(99)00520-9",
      year           = "1999",
      eprint         = "hep-th/9903225",
      archivePrefix  = "arXiv",
      primaryClass   = "hep-th",
      reportNumber   = "DAMTP-1999-35",
      SLACcitation   = "%%CITATION = HEP-TH/9903225;%%",
}
@article{Witten:1998zw,
      author         = "Witten, Edward",
      title          = "{Anti-de Sitter space, thermal phase transition, and
                        confinement in gauge theories}",
      journal        = "Adv.Theor.Math.Phys.",
      volume         = "2",
      pages          = "505-532",
      year           = "1998",
      eprint         = "hep-th/9803131",
      archivePrefix  = "arXiv",
      primaryClass   = "hep-th",
      reportNumber   = "IASSNS-HEP-98-21",
      SLACcitation   = "%%CITATION = HEP-TH/9803131;%%",
}
@article{Klebanov:2000hb,
      author         = "Klebanov, Igor R. and Strassler, Matthew J.",
      title          = "{Supergravity and a confining gauge theory: Duality
                        cascades and chi SB resolution of naked singularities}",
      journal        = "JHEP",
      volume         = "0008",
      pages          = "052",
      doi            = "10.1088/1126-6708/2000/08/052",
      year           = "2000",
      eprint         = "hep-th/0007191",
      archivePrefix  = "arXiv",
      primaryClass   = "hep-th",
      reportNumber   = "IASSNS-HEP-00-56, PUPT-1944",
      SLACcitation   = "%%CITATION = HEP-TH/0007191;%%",
}
@article{Maldacena:2000yy,
      author         = "Maldacena, Juan Martin and Nunez, Carlos",
      title          = "{Towards the large N limit of pure N=1 superYang-Mills}",
      journal        = "Phys.Rev.Lett.",
      volume         = "86",
      pages          = "588-591",
      doi            = "10.1103/PhysRevLett.86.588",
      year           = "2001",
      eprint         = "hep-th/0008001",
      archivePrefix  = "arXiv",
      primaryClass   = "hep-th",
      SLACcitation   = "%%CITATION = HEP-TH/0008001;%%",
}
@article{Gubser:2000nd,
      author         = "Gubser, Steven S.",
      title          = "{Curvature singularities: The Good, the bad, and the
                        naked}",
      journal        = "Adv.Theor.Math.Phys.",
      volume         = "4",
      pages          = "679-745",
      year           = "2000",
      eprint         = "hep-th/0002160",
      archivePrefix  = "arXiv",
      primaryClass   = "hep-th",
      reportNumber   = "PUPT-1916",
      SLACcitation   = "%%CITATION = HEP-TH/0002160;%%",
}
@article{Skenderis:1999mm,
      author         = "Skenderis, Kostas and Townsend, Paul K.",
      title          = "{Gravitational stability and renormalization group flow}",
      journal        = "Phys.Lett.",
      volume         = "B468",
      pages          = "46-51",
      doi            = "10.1016/S0370-2693(99)01212-5",
      year           = "1999",
      eprint         = "hep-th/9909070",
      archivePrefix  = "arXiv",
      primaryClass   = "hep-th",
      reportNumber   = "DAMTP-1999-111, SPIN-1999-20",
      SLACcitation   = "%%CITATION = HEP-TH/9909070;%%",
}
@article{Hawking:1982dh,
      author         = "Hawking, S.W. and Page, Don N.",
      title          = "{Thermodynamics of Black Holes in anti-De Sitter Space}",
      journal        = "Commun.Math.Phys.",
      volume         = "87",
      pages          = "577",
      doi            = "10.1007/BF01208266",
      year           = "1983",
      reportNumber   = "PRINT-83-0019 (CAMBRIDGE)",
      SLACcitation   = "%%CITATION = CMPHA,87,577;%%",
}
@article{Aharony:2003sx,
      author         = "Aharony, Ofer and Marsano, Joseph and Minwalla, Shiraz
                        and Papadodimas, Kyriakos and Van Raamsdonk, Mark",
      title          = "{The Hagedorn - deconfinement phase transition in weakly
                        coupled large N gauge theories}",
      journal        = "Adv.Theor.Math.Phys.",
      volume         = "8",
      pages          = "603-696",
      doi            = "10.4310/ATMP.2004.v8.n4.a1",
      year           = "2004",
      eprint         = "hep-th/0310285",
      archivePrefix  = "arXiv",
      primaryClass   = "hep-th",
      reportNumber   = "WIS-29-03-DPP",
      SLACcitation   = "%%CITATION = HEP-TH/0310285;%%",
}
@article{Mateos:2007ay,
      author         = "Mateos, David",
      title          = "{String Theory and Quantum Chromodynamics}",
      journal        = "Class.Quant.Grav.",
      volume         = "24",
      pages          = "S713-S740",
      doi            = "10.1088/0264-9381/24/21/S01",
      year           = "2007",
      eprint         = "0709.1523",
      archivePrefix  = "arXiv",
      primaryClass   = "hep-th",
      SLACcitation   = "%%CITATION = ARXIV:0709.1523;%%",
}
@article{Son:2002sd,
      author         = "Son, Dam T. and Starinets, Andrei O.",
      title          = "{Minkowski space correlators in AdS / CFT correspondence:
                        Recipe and applications}",
      journal        = "JHEP",
      volume         = "0209",
      pages          = "042",
      doi            = "10.1088/1126-6708/2002/09/042",
      year           = "2002",
      eprint         = "hep-th/0205051",
      archivePrefix  = "arXiv",
      primaryClass   = "hep-th",
      reportNumber   = "INT-PUB-02-34",
      SLACcitation   = "%%CITATION = HEP-TH/0205051;%%",
}
@article{Herzog:2002pc,
      author         = "Herzog, C.P. and Son, D.T.",
      title          = "{Schwinger-Keldysh propagators from AdS/CFT
                        correspondence}",
      journal        = "JHEP",
      volume         = "0303",
      pages          = "046",
      doi            = "10.1088/1126-6708/2003/03/046",
      year           = "2003",
      eprint         = "hep-th/0212072",
      archivePrefix  = "arXiv",
      primaryClass   = "hep-th",
      reportNumber   = "NSF-ITP-02-175, INT-PUB-02-53",
      SLACcitation   = "%%CITATION = HEP-TH/0212072;%%",
}
@article{Skenderis:2008dh,
      author         = "Skenderis, Kostas and van Rees, Balt C.",
      title          = "{Real-time gauge/gravity duality}",
      journal        = "Phys.Rev.Lett.",
      volume         = "101",
      pages          = "081601",
      doi            = "10.1103/PhysRevLett.101.081601",
      year           = "2008",
      eprint         = "0805.0150",
      archivePrefix  = "arXiv",
      primaryClass   = "hep-th",
      reportNumber   = "ITFA-2008-15",
      SLACcitation   = "%%CITATION = ARXIV:0805.0150;%%",
}
@article{Pastawski:2015qua,
      author         = "Pastawski, Fernando and Yoshida, Beni and Harlow, Daniel
                        and Preskill, John",
      title          = "{Holographic quantum error-correcting codes: Toy models
                        for the bulk/boundary correspondence}",
      year           = "2015",
      eprint         = "1503.06237",
      archivePrefix  = "arXiv",
      primaryClass   = "hep-th",
      SLACcitation   = "%%CITATION = ARXIV:1503.06237;%%",
}
@article{2015arXiv150205128K,
   author = {{Kaul}, R.~K. and {Block}, M.},
    title = "{Numerical studies of various Neel-VBS transitions in SU(N) anti-ferromagnets}",
archivePrefix = "arXiv",
   eprint = {1502.05128},
 primaryClass = "cond-mat.str-el",
 keywords = {Condensed Matter - Strongly Correlated Electrons},
   adsurl = {http://adsabs.harvard.edu/abs/2015arXiv150205128K},
  adsnote = {Provided by the SAO/NASA Astrophysics Data System}
}
@article{Kadanoff1963419,
title = "Hydrodynamic equations and correlation functions ",
journal = "Annals of Physics ",
volume = "24",
pages = "419 - 469",
year = "1963",
note = "",
issn = "0003-4916",
doi = "http://dx.doi.org/10.1016/0003-4916(63)90078-2",
url = "http://www.sciencedirect.com/science/article/pii/0003491663900782",
author = "Leo P Kadanoff and Paul C Martin"
}
@article{Witten:2003ya,
      author         = "Witten, Edward",
      title          = "{SL(2,Z) action on three-dimensional conformal field
                        theories with Abelian symmetry}",
      year           = "2003",
      eprint         = "hep-th/0307041",
      archivePrefix  = "arXiv",
      primaryClass   = "hep-th",
      SLACcitation   = "%%CITATION = HEP-TH/0307041;%%",
}
@article{Policastro:2002se,
      author         = "Policastro, Giuseppe and Son, Dam T. and Starinets,
                        Andrei O.",
      title          = "{From AdS / CFT correspondence to hydrodynamics}",
      journal        = "JHEP",
      volume         = "0209",
      pages          = "043",
      doi            = "10.1088/1126-6708/2002/09/043",
      year           = "2002",
      eprint         = "hep-th/0205052",
      archivePrefix  = "arXiv",
      primaryClass   = "hep-th",
      reportNumber   = "INT-PUB-02-32",
      SLACcitation   = "%%CITATION = HEP-TH/0205052;%%",
}
@article{Herzog:2002fn,
      author         = "Herzog, Christopher P.",
      title          = "{The Hydrodynamics of M theory}",
      journal        = "JHEP",
      volume         = "0212",
      pages          = "026",
      doi            = "10.1088/1126-6708/2002/12/026",
      year           = "2002",
      eprint         = "hep-th/0210126",
      archivePrefix  = "arXiv",
      primaryClass   = "hep-th",
      reportNumber   = "NSF-ITP-02-155",
      SLACcitation   = "%%CITATION = HEP-TH/0210126;%%",
}
@article{Kovtun:2005ev,
      author         = "Kovtun, Pavel K. and Starinets, Andrei O.",
      title          = "{Quasinormal modes and holography}",
      journal        = "Phys.Rev.",
      volume         = "D72",
      pages          = "086009",
      doi            = "10.1103/PhysRevD.72.086009",
      year           = "2005",
      eprint         = "hep-th/0506184",
      archivePrefix  = "arXiv",
      primaryClass   = "hep-th",
      reportNumber   = "NSF-KITP-05-41",
      SLACcitation   = "%%CITATION = HEP-TH/0506184;%%",
}
@article{Donos:2014yya,
      author         = "Donos, Aristomenis and Gauntlett, Jerome P.",
      title          = "{The thermoelectric properties of inhomogeneous
                        holographic lattices}",
      journal        = "JHEP",
      volume         = "1501",
      pages          = "035",
      doi            = "10.1007/JHEP01(2015)035",
      year           = "2015",
      eprint         = "1409.6875",
      archivePrefix  = "arXiv",
      primaryClass   = "hep-th",
      reportNumber   = "IMPERIAL-TP-2014-JG-04",
      SLACcitation   = "%%CITATION = ARXIV:1409.6875;%%",
}
@article{Policastro:2001yc,
      author         = "Policastro, G. and Son, Dan T. and Starinets, Andrei O.",
      title          = "{The Shear viscosity of strongly coupled N=4
                        supersymmetric Yang-Mills plasma}",
      journal        = "Phys.Rev.Lett.",
      volume         = "87",
      pages          = "081601",
      doi            = "10.1103/PhysRevLett.87.081601",
      year           = "2001",
      eprint         = "hep-th/0104066",
      archivePrefix  = "arXiv",
      primaryClass   = "hep-th",
      reportNumber   = "NYU-TH-01-04-02, SNS-PH-01-05",
      SLACcitation   = "%%CITATION = HEP-TH/0104066;%%",
}
@article{Kovtun:2004de,
      author         = "Kovtun, P. and Son, Dan T. and Starinets, Andrei O.",
      title          = "{Viscosity in strongly interacting quantum field theories
                        from black hole physics}",
      journal        = "Phys.Rev.Lett.",
      volume         = "94",
      pages          = "111601",
      doi            = "10.1103/PhysRevLett.94.111601",
      year           = "2005",
      eprint         = "hep-th/0405231",
      archivePrefix  = "arXiv",
      primaryClass   = "hep-th",
      reportNumber   = "INT-PUB-04-09, UW-PT-04-04",
      SLACcitation   = "%%CITATION = HEP-TH/0405231;%%",
}
@article{Damle97,
  title = {Nonzero-temperature transport near quantum critical points},
  author = {Damle, Kedar and Sachdev, Subir},
  journal = {Phys. Rev. B},
  volume = {56},
  issue = {14},
  pages = {8714--8733},
  numpages = {0},
  year = {1997},
  month = {Oct},
  publisher = {American Physical Society},
  doi = {10.1103/PhysRevB.56.8714},
  url = {http://link.aps.org/doi/10.1103/PhysRevB.56.8714}
}
@BOOK{ssbook,
AUTHOR    = {Sachdev, Subir}, 
TITLE     = {Quantum Phase Transitions},
PUBLISHER = {Cambridge University Press},
YEAR      = {2011},
Address   = {Cambridge, UK},
Edition   = {2}
}
@article{netormp,
  title = {The electronic properties of graphene},
  author = {Castro Neto, A. H. and Guinea, F. and Peres, N. M. R. and Novoselov, K. S. and Geim, A. K.},
  journal = {Rev. Mod. Phys.},
  volume = {81},
  issue = {1},
  pages = {109--162},
  numpages = {0},
  year = {2009},
  month = {Jan},
  publisher = {American Physical Society},
  doi = {10.1103/RevModPhys.81.109},
  url = {http://link.aps.org/doi/10.1103/RevModPhys.81.109}
}
@article{Fritz08,
  title = {Quantum critical transport in clean graphene},
  author = {Fritz, Lars and Schmalian, J\"org and M\"uller, Markus and Sachdev, Subir},
  journal = {Phys. Rev. B},
  volume = {78},
  issue = {8},
  pages = {085416},
  numpages = {12},
  year = {2008},
  month = {Aug},
  publisher = {American Physical Society},
  doi = {10.1103/PhysRevB.78.085416},
  url = {http://link.aps.org/doi/10.1103/PhysRevB.78.085416}
}
@article{Guinea94,
title = "Non-Fermi liquid behavior of electrons in the half-filled honeycomb lattice (A renormalization group approach) ",
journal = "Nuclear Physics B ",
volume = "424",
number = "3",
pages = "595 - 618",
year = "1994",
note = "",
issn = "0550-3213",
doi = "http://dx.doi.org/10.1016/0550-3213(94)90410-3",
url = "http://www.sciencedirect.com/science/article/pii/0550321394904103",
author = "J. Gonzalez and F. Guinea and M.A.H. Vozmediano"
}
@article{FWGF,
  title = {Boson localization and the superfluid-insulator transition},
  author = {Fisher, Matthew P. A. and Weichman, Peter B. and Grinstein, G. and Fisher, Daniel S.},
  journal = {Phys. Rev. B},
  volume = {40},
  issue = {1},
  pages = {546--570},
  numpages = {0},
  year = {1989},
  month = {Jul},
  publisher = {American Physical Society},
  doi = {10.1103/PhysRevB.40.546},
  url = {http://link.aps.org/doi/10.1103/PhysRevB.40.546}
}
@article{WilsonFisher,
  title = {Critical Exponents in 3.99 Dimensions},
  author = {Wilson, Kenneth G. and Fisher, Michael E.},
  journal = {Phys. Rev. Lett.},
  volume = {28},
  issue = {4},
  pages = {240--243},
  numpages = {0},
  year = {1972},
  month = {Jan},
  publisher = {American Physical Society},
  doi = {10.1103/PhysRevLett.28.240},
  url = {http://link.aps.org/doi/10.1103/PhysRevLett.28.240}
}
@book{giamarchi03,
  title={Quantum Physics in One Dimension},
  author={Giamarchi, T.},
  isbn={9780198525004},
  lccn={2004299020},
  series={International Series of Monographs on Physics},
  url={https://books.google.com/books?id=GVeuKZLGMZ0C},
  year={2003},
  publisher={Clarendon Press}
}
@book{mahan13,
  title={Many-Particle Physics},
  author={Mahan, G.D.},
  isbn={9781475757149},
  series={Physics of Solids and Liquids},
  url={https://books.google.com/books?id=TFDUBwAAQBAJ},
  year={2013},
  publisher={Springer US}
}
@article{Kovtun:2012rj,
      author         = "Kovtun, Pavel",
      title          = "{Lectures on hydrodynamic fluctuations in relativistic
                        theories}",
      journal        = "J.Phys.",
      volume         = "A45",
      pages          = "473001",
      doi            = "10.1088/1751-8113/45/47/473001",
      year           = "2012",
      eprint         = "1205.5040",
      archivePrefix  = "arXiv",
      primaryClass   = "hep-th",
      SLACcitation   = "%%CITATION = ARXIV:1205.5040;%%",
}
@book{forster1995,
  title={Hydrodynamic Fluctuations, Broken Symmetry, and Correlation Functions},
  author={Forster, D.},
  isbn={9780201410495},
  lccn={90017862},
  series={Advanced book classics},
  url={https://books.google.com/books?id=\_cnVlcqfkv0C},
  year={1995},
  publisher={Perseus Books}
}
@ARTICLE{krempa_nature,
   author = {{Witczak-Krempa}, W. and {S{\o}rensen}, E.~S. and {Sachdev}, S.
	},
    title = "{The dynamics of quantum criticality revealed by quantum Monte Carlo and holography}",
  journal = {Nature Physics},
archivePrefix = "arXiv",
   eprint = {1309.2941},
 primaryClass = "cond-mat.str-el",
     year = 2014,
    month = may,
   volume = 10,
    pages = {361-366},
      doi = {10.1038/nphys2913},
   adsurl = {http://adsabs.harvard.edu/abs/2014NatPh..10..361W},
  adsnote = {Provided by the SAO/NASA Astrophysics Data System}
}
@article{ws12,
      author         = "Witczak-Krempa, William and Sachdev, Subir",
      title          = "{The quasi-normal modes of quantum criticality}",
      journal        = "Phys.Rev.",
      volume         = "B86",
      pages          = "235115",
      doi = {10.1103/PhysRevB.86.235115},
      year           = "2012",
      eprint         = "1210.4166",
      archivePrefix  = "arXiv",
      primaryClass   = "cond-mat.str-el",
      SLACcitation   = "%%CITATION = ARXIV:1210.4166;%%",
}
@article{Appelquist:1988sr,
	Author = {Appelquist, Thomas and Nash, Daniel and Wijewardhana, L.C.R.},
	Date-Added = {2013-03-16 18:05:40 -0400},
	Date-Modified = {2013-03-22 04:11:24 +0000},
	Doi = {10.1103/PhysRevLett.60.2575},
	Journal = {Phys.Rev.Lett.},
	Pages = {2575},
	Reportnumber = {YCTP-P2-88},
	Slaccitation = {%%CITATION = PRLTA,60,2575;%%},
	Title = {{Critical behavior in $(2+1)$-dimensional QED}},
	Volume = {60},
	Year = {1988},
	Bdsk-Url-1 = {http://dx.doi.org/10.1103/PhysRevLett.60.2575}}
@article{Wen:1993zza,
	Author = {Wen, Xiao-Gang and Wu, Yong-Shi},
	Date-Added = {2015-02-17 13:53:45 +0000},
	Date-Modified = {2015-02-17 13:53:45 +0000},
	Doi = {10.1103/PhysRevLett.70.1501},
	Journal = {Phys.Rev.Lett.},
	Pages = {1501-1504},
	Slaccitation = {%%CITATION = PRLTA,70,1501;%%},
	Title = {{Transitions between the quantum Hall states and insulators induced by periodic potentials}},
	Volume = {70},
	Year = {1993},
	Bdsk-Url-1 = {http://dx.doi.org/10.1103/PhysRevLett.70.1501}}
@article{Sachdev97,
	Author = {Sachdev, Subir},
	Date-Added = {2015-02-17 13:55:24 +0000},
	Date-Modified = {2015-02-17 13:56:31 +0000},
	Journal = {Phys.Rev.},
	Pages = {7157},
	Title = {{Non-zero temperature transport near fractional quantum Hall critical points}},
	Volume = {B57},
	Year = {1998},
	Bdsk-Url-1 = {http://dx.doi.org/10.1103/PhysRevB.37.3774}}

@article{Chen:1993cd,
	Archiveprefix = {arXiv},
	Author = {Chen, Wei and Fisher, Matthew P.A. and Wu, Yong-Shi},
	Date-Added = {2015-02-17 13:54:26 +0000},
	Date-Modified = {2015-02-17 13:54:26 +0000},
	Doi = {10.1103/PhysRevB.48.13749},
	Eprint = {cond-mat/9301037},
	Journal = {Phys.Rev.},
	Pages = {13749-13761},
	Primaryclass = {cond-mat},
	Reportnumber = {PRINT-93-0142},
	Slaccitation = {%%CITATION = COND-MAT/9301037;%%},
	Title = {{Mott transition in an anyon gas}},
	Volume = {B48},
	Year = {1993},
	Bdsk-Url-1 = {http://dx.doi.org/10.1103/PhysRevB.48.13749}}
@article{SBSVF,
	Adsnote = {Provided by the SAO/NASA Astrophysics Data System},
	Adsurl = {http://adsabs.harvard.edu/abs/2004PhRvB..70n4407S},
	Author = {{Senthil}, T. and {Balents}, L. and {Sachdev}, S. and {Vishwanath}, A. and {Fisher}, M.~P.~A.},
	Date-Added = {2013-07-31 09:49:09 -0400},
	Date-Modified = {2013-07-31 09:52:23 -0400},
	Doi = {10.1103/PhysRevB.70.144407},
	Eid = {144407},
	Eprint = {arXiv:cond-mat/0312617},
	Journal = {Phys.Rev.},
	Keywords = {Quantized spin models, Strongly correlated electron systems; heavy fermions, Non-Fermi-liquid ground states, electron phase diagrams and phase transitions in model systems, Magnetic phase boundaries},
	Month = oct,
	Number = 14,
	Pages = {144407},
	Title = {{Quantum criticality beyond the Landau-Ginzburg-Wilson paradigm}},
	Volume = 70,
	Year = 2004,
	Bdsk-Url-1 = {http://dx.doi.org/10.1103/PhysRevB.70.144407}}

@article{SVBSF,
	Adsnote = {Provided by the SAO/NASA Astrophysics Data System},
	Adsurl = {http://adsabs.harvard.edu/abs/2004Sci...303.1490S},
	Author = {{Senthil}, T. and {Vishwanath}, A. and {Balents}, L. and {Sachdev}, S. and {Fisher}, M.~P.~A.},
	Date-Added = {2013-07-31 09:48:34 -0400},
	Date-Modified = {2013-07-31 09:50:33 -0400},
	Doi = {10.1126/science.1091806},
	Eprint = {arXiv:cond-mat/0311326},
	Journal = {Science},
	Month = mar,
	Pages = {1490-1494},
	Title = {{Deconfined Quantum Critical Points}},
	Volume = 303,
	Year = 2004,
	Bdsk-Url-1 = {http://dx.doi.org/10.1126/science.1091806}}
@ARTICLE{Strack13,
   author = {{Huh}, Y. and {Strack}, P. and {Sachdev}, S.},
    title = "{Conserved current correlators of conformal field theories in 2+1 dimensions}",
  journal = {Phys. Rev. B},
archivePrefix = "arXiv",
   eprint = {1307.6863},
 primaryClass = "cond-mat.str-el",
 keywords = {Strongly correlated electron systems, heavy fermions, Critical-point effects specific heats short-range order, Gauge field theories},
     year = 2013,
    month = oct,
   volume = 88,
   number = 15,
      eid = {155109},
    pages = {155109},
      doi = {10.1103/PhysRevB.88.155109},
   adsurl = {http://adsabs.harvard.edu/abs/2013PhRvB..88o5109H},
  adsnote = {Provided by the SAO/NASA Astrophysics Data System}
}
@ARTICLE{Strack15,
   author = {{Huh}, Y. and {Strack}, P.},
    title = "{Stress tensor and current correlators of interacting conformal field theories in 2+1 dimensions: fermionic Dirac matter coupled to U(1) gauge field}",
  journal = {Journal of High Energy Physics},
archivePrefix = "arXiv",
   eprint = {1410.1902},
 primaryClass = "cond-mat.str-el",
 keywords = {Conformal and W Symmetry, 1/N Expansion},
     year = 2015,
    month = jan,
   volume = 1,
    pages = {147},
      doi = {10.1007/JHEP01(2015)147},
   adsurl = {http://adsabs.harvard.edu/abs/2015JHEP...01..147H},
  adsnote = {Provided by the SAO/NASA Astrophysics Data System}
}
@ARTICLE{Krempa12,
   author = {{Witczak-Krempa}, W. and {Ghaemi}, P. and {Senthil}, T. and 
	{Kim}, Y.~B.},
    title = "{Universal transport near a quantum critical Mott transition in two dimensions}",
  journal = {Phys. Rev. B},
archivePrefix = "arXiv",
   eprint = {1206.3309},
 primaryClass = "cond-mat.str-el",
 keywords = {Non-Fermi-liquid ground states electron phase diagrams and phase transitions in model systems, Metal-insulator transitions and other electronic transitions, Strongly correlated electron systems, heavy fermions},
     year = 2012,
    month = dec,
   volume = 86,
   number = 24,
      eid = {245102},
    pages = {245102},
      doi = {10.1103/PhysRevB.86.245102},
   adsurl = {http://adsabs.harvard.edu/abs/2012PhRvB..86x5102W},
  adsnote = {Provided by the SAO/NASA Astrophysics Data System}
}
@article{Rychkov,
      author         = "El-Showk, Sheer and Paulos, Miguel F. and Poland, David
                        and Rychkov, Slava and Simmons-Duffin, David and others",
      title          = "{Solving the 3D Ising Model with the Conformal
                        Bootstrap}",
      journal        = "Phys. Rev. D",
      volume         = "86",
      pages          = "025022",
      doi            = "10.1103/PhysRevD.86.025022",
      year           = "2012",
      eprint         = "1203.6064",
      archivePrefix  = "arXiv",
      primaryClass   = "hep-th",
      reportNumber   = "LPTENS-12-07",
      SLACcitation   = "%%CITATION = ARXIV:1203.6064;%%",
}

@article{Rychkov2,
      author         = "Pappadopulo, Duccio and Rychkov, Slava and Espin, Johnny
                        and Rattazzi, Riccardo",
      title          = "{OPE Convergence in Conformal Field Theory}",
      journal        = "Phys. Rev. D",
      volume         = "86",
      pages          = "105043",
      doi            = "10.1103/PhysRevD.86.105043",
      year           = "2012",
      eprint         = "1208.6449",
      archivePrefix  = "arXiv",
      primaryClass   = "hep-th",
      reportNumber   = "LPTENS-12-31",
      SLACcitation   = "%%CITATION = ARXIV:1208.6449;%%",
}
@ARTICLE{Katz14,
   author = {{Katz}, E. and {Sachdev}, S. and {S{\o}rensen}, E.~S. and {Witczak-Krempa}, W.
	},
    title = "{Conformal field theories at nonzero temperature: Operator product expansions, Monte Carlo, and holography}",
  journal = {Phys. Rev. B},
archivePrefix = "arXiv",
   eprint = {1409.3841},
 primaryClass = "cond-mat.str-el",
 keywords = {Conformal field theory algebraic structures},
     year = 2014,
    month = dec,
   volume = 90,
   number = 24,
      eid = {245109},
    pages = {245109},
      doi = {10.1103/PhysRevB.90.245109},
   adsurl = {http://adsabs.harvard.edu/abs/2014PhRvB..90x5109K},
  adsnote = {Provided by the SAO/NASA Astrophysics Data System}
}
@article{villain,
    author = {Villain, J.},
    journal = {J. de Phys. (Paris)},
    title = "{Theory of one- and two-dimensional magnets with an easy magnetization plane. II. The planar, classical, two-dimensional magnet }",
    volume = {36},
    pages = {581},
    year = {1975}
}
@ARTICLE{smakov,
   author = {{{\v S}makov}, J. and {S{\o}rensen}, E. S.},
    title = "{Universal Scaling of the Conductivity at the Superfluid-Insulator Phase Transition}",
  journal = {Phys. Rev. Lett.},
   eprint = {arXiv:cond-mat/0509671},
 keywords = {Quantum transport, Quantum Monte Carlo methods, Critical point phenomena},
     year = 2005,
    month = oct,
   volume = 95,
   number = 18,
      eid = {180603},
    pages = {180603},
      doi = {10.1103/PhysRevLett.95.180603},
   adsurl = {http://adsabs.harvard.edu/abs/2005PhRvL..95r0603S},
  adsnote = {Provided by the SAO/NASA Astrophysics Data System}
}
@article{pollet,
  title = {Universal Conductivity in a Two-Dimensional Superfluid-to-Insulator Quantum Critical System},
  author = {Chen, Kun and Liu, Longxiang and Deng, Youjin and Pollet, Lode and Prokof'ev, Nikolay},
  journal = {Phys. Rev. Lett.},
  volume = {112},
  issue = {3},
  pages = {030402},
  numpages = {5},
  year = {2014},
  month = {Jan},
  publisher = {American Physical Society},
  doi = {10.1103/PhysRevLett.112.030402},
  url = {http://link.aps.org/doi/10.1103/PhysRevLett.112.030402}
}
@ARTICLE{gazit13,
   author = {{Gazit}, S. and {Podolsky}, D. and {Auerbach}, A. and {Arovas}, D.~P.
	},
    title = "{Dynamics and conductivity near quantum criticality}",
  journal = {Phys. Rev. B},
archivePrefix = "arXiv",
   eprint = {1309.1765},
 primaryClass = "cond-mat.str-el",
 keywords = {Boson systems, Ultracold gases trapped gases, General theory and models of magnetic ordering},
     year = 2013,
    month = dec,
   volume = 88,
   number = 23,
      eid = {235108},
    pages = {235108},
      doi = {10.1103/PhysRevB.88.235108},
   adsurl = {http://adsabs.harvard.edu/abs/2013PhRvB..88w5108G},
  adsnote = {Provided by the SAO/NASA Astrophysics Data System}
}
@ARTICLE{gazit14,
   author = {{Gazit}, S. and {Podolsky}, D. and {Auerbach}, A.},
    title = "{Critical Capacitance and Charge-Vortex Duality Near the Superfluid-to-Insulator Transition}",
  journal = {Phys. Rev. Lett.},
archivePrefix = "arXiv",
   eprint = {1407.1055},
 primaryClass = "cond-mat.str-el",
 keywords = {Quantum transport, Boson systems, Atoms in optical lattices},
     year = 2014,
    month = dec,
   volume = 113,
   number = 24,
      eid = {240601},
    pages = {240601},
      doi = {10.1103/PhysRevLett.113.240601},
   adsurl = {http://adsabs.harvard.edu/abs/2014PhRvL.113x0601G},
  adsnote = {Provided by the SAO/NASA Astrophysics Data System}
}






